3158 4654
968 491 303 36 CANCIONERO
1313 492 203 35 MUSICAL
1559 491 212 35 POPULAR
1811 480 211 45 ESPAÑOL
2292 486 55 40 47

673 628 183 66 Según
899 630 301 64 Rodriguez
1229 630 171 50 Marín
1442 633 116 47 esta
1599 632 147 48 casta
1776 629 66 50 de
1871 627 183 66 coplas
2095 641 124 35 eran
2251 640 165 52 popu-

565 715 255 49 larísimas
850 729 63 35 en
944 715 78 49 los
1052 718 130 46 años
1212 730 64 34 en
1307 729 102 50 que
1438 714 223 50 escribía
1694 711 322 62 Cervantes,
2058 728 61 48 «y
2150 720 59 40 se
2238 711 177 49 llama-

565 799 101 50 ban
696 798 198 63 coplas
921 797 68 51 de
1015 798 55 50 la
1100 799 234 63 seguida
1364 795 89 66 (en
1483 798 45 49 el
1564 795 204 52 Celoso
1797 794 340 63 extremeño)
2177 811 34 49 y
2239 796 179 63 segui-

565 880 168 51 dillas
772 879 87 66 (en
889 881 311 51 Rinconete.
1223 898 37 49 y
1294 880 330 63 Cortadillo,
1669 896 63 34 en
1774 880 79 49 La
1887 878 270 52 Gitanilla
2198 896 34 48 y
2260 893 64 36 en
2368 879 46 50 la

565 966 242 64 segunda
854 970 148 61 parte
1049 967 66 50 de
1160 966 69 50 £El
1270 966 296 64 Ingenioso
1612 963 301 65 Hidalgo);
1957 980 51 49 y,
2060 979 68 50 ya
2174 967 242 46 tomaron

565 1055 147 45 estos
741 1050 267 62 nombres,
1042 1065 153 36 como
1224 1066 60 34 se
1314 1051 115 50 dice
1456 1065 64 35 en
1551 1049 45 50 el
1629 1048 363 50 Diccionario
2021 1046 69 52 de
2120 1046 297 51 Autorida-

565 1132 101 52 des
716 1148 124 50 «por
868 1134 46 50 el
955 1135 177 50 tañido
1174 1150 27 34 a
1244 1149 101 50 que
1386 1149 59 35 se
1486 1138 207 56 cantan,
1740 1148 103 49 que
1889 1147 60 35 es
1987 1133 349 50 consecutivo
2383 1147 33 49 y

568 1220 311 59 corríente»,
939 1233 30 35 o
1021 1234 68 49 ya
1146 1233 202 50 porque
1398 1219 228 63 tiempos
1674 1220 140 47 atrás
1869 1218 278 63 siíguiesen
2199 1232 29 34 a
2276 1220 142 46 otras

567 1302 201 65 coplas,
802 1317 59 35 es
891 1302 48 50 lo
969 1303 161 50 cierto
1160 1317 102 51 que
1293 1302 181 50 fueron
1506 1302 45 49 la
1582 1302 129 49 letra
1742 1316 102 50 que
1885 1316 60 35 se
1973 1301 168 51 usaba
2172 1315 125 50 para
2339 1300 77 50 las

565 1386 280 51 tonadillas
887 1387 66 50 de
982 1387 243 50 diversos
1254 1387 184 60 bailes,
1485 1389 112 46 más
1628 1400 30 35 o
1688 1400 185 35 menos
1903 1385 333 65 apicarados,
2281 1385 135 50 tales

563 1484 152 36 como
737 1469 107 50 Los
870 1470 284 61 valientes,
1180 1468 297 63 Santurde,
1504 1469 68 49 El
1590 1469 288 50 caballero
1900 1485 33 49 y
1947 1469 153 63 Juan
2124 1467 287 52 Redondo.

667 1553 56 50 El
752 1554 250 50 estribillo
1032 1554 66 51 de
1127 1555 46 49 la
1203 1554 154 65 copla
1388 1569 102 50 que
1519 1554 141 64 llegó
1690 1569 64 34 en
1785 1554 199 64 tiempo
2015 1555 279 63 posterior,
2333 1568 79 47 es,

564 1652 155 36 como
761 1638 150 49 suele
939 1638 223 62 decirse,
1214 1642 144 46 «otro
1387 1625 179 63 cantar
1595 1653 30 34 o
1656 1652 67 35 no
1752 1638 136 50 anda
1930 1652 123 50 muy
2083 1638 229 50 distante
2352 1637 66 51 de

564 1722 192 50 serlo».
807 1721 96 51 Así
943 1723 141 64 pudo
1125 1722 207 50 afirmar
1371 1723 46 49 el
1461 1723 186 49 mismo
1689 1721 303 65 Rodriguez
2033 1721 172 50 Marín
2247 1736 64 35 en
2354 1736 61 36 su

561 1806 267 51 colección
859 1806 65 51 de
970 1804 216 53 Cantos
1219 1807 306 63 populares
1566 1806 302 64 españoles
1907 1820 102 50 que
2049 1806 45 49 el
2138 1806 196 64 pueblo
2369 1807 45 49 al

561 1904 146 37 crear
747 1905 126 35 esos
902 1891 299 61 estribillos,
1248 1905 102 50 que
1378 1890 45 50 el
1466 1890 232 51 colector
1739 1890 154 50 llamó
1936 1890 66 51 de
2043 1892 211 62 encaje,
2299 1905 116 50 por-

562 1988 103 51 que
693 1974 44 50 el
782 1974 195 64 pueblo
1006 1989 30 35 o
1067 1975 77 50 los
1174 1975 287 50 arrancaba
1502 1974 66 51 de
1597 1978 141 46 otras
1781 1975 202 64 coplas,
2030 1989 30 35 o
2091 1989 95 50 por
2219 1989 196 51 excep-

562 2059 115 50 ción
708 2058 65 51 de
814 2058 298 64 piecesillas
1154 2058 200 50 sueltas
1383 2075 51 48 y,
1484 2073 102 50 que
1626 2058 122 51 vale
1789 2058 194 51 decirlo
2018 2061 97 59 así,
2161 2073 254 51 supernu-

562 2142 267 50 merarias.
880 2142 204 64 Juzgan
1133 2142 219 51 muchos
1401 2157 101 50 que
1556 2143 45 49 la
1655 2142 204 51 adición
1915 2143 81 50 del
2051 2143 253 51 estribillo
2356 2158 60 36 es

560 2226 224 64 enojosa
813 2227 41 49 si
885 2241 66 35 no
993 2226 342 62 desdichada,
1369 2227 77 49 sin
1478 2228 246 49 recordar
1765 2241 103 50 que
1896 2241 126 36 esas
2053 2231 216 59 fornas,
2315 2242 102 51 que

559 2324 97 36 con
687 2313 116 46 este
832 2310 218 51 nombre
1078 2325 60 35 se
1167 2309 236 52 califican
1433 2325 64 35 en
1528 2311 189 50 ciertas
1747 2311 268 62 regiones,
2049 2312 268 64 proceden
2349 2327 64 35 en

558 2398 118 59 esto
718 2408 152 36 como
911 2408 64 35 en
1007 2394 44 50 la
1092 2396 244 62 rípressa
1378 2394 65 50 de
1473 2394 78 50 los
1593 2396 275 63 preciosos
1909 2396 192 63 riíspetí
2136 2399 274 48 toscanos.

559 2477 99 50 Por
697 2478 180 50 último
917 2478 104 64 hay
1050 2478 307 64 seguidillas
1399 2493 97 36 con
1534 2479 249 50 estribillo
1830 2495 33 49 y
1911 2483 142 47 otras
2095 2481 77 49 sin
2214 2481 65 50 él.
2331 2481 83 50 De

559 2562 147 49 éstas
735 2562 47 49 la
823 2562 281 64 siguiente,
1152 2577 102 50 que
1294 2563 155 64 copio
1479 2563 66 50 de
1574 2562 46 50 la
1666 2560 297 53 Colección
1992 2562 69 52 de
2087 2563 332 66 seguidillas

552 2661 38 49 y
623 2645 170 64 polos
831 2644 91 52 del
949 2645 232 64 famoso
1221 2646 127 50 Don
1389 2646 248 63 Preciso,
1692 2647 45 50 el
1792 2649 202 49 notario
2035 2650 244 50 vizcaíno
2331 2649 84 51 Iza

558 2729 304 62 Zamácola,
908 2731 45 49 el
995 2745 129 50 gran
1167 2731 308 51 vindicador
1517 2731 66 51 de
1623 2736 247 46 nuestros
1911 2732 167 52 bailes
2108 2735 319 50 nacionales:

557 2817 181 47 contra
768 2814 78 50 los
887 2815 167 50 malos
1084 2815 231 50 músicos
1356 2831 33 49 y
1418 2815 246 65 copleros
1702 2830 102 51 que
1846 2817 78 50 los
1953 2821 351 62 corrompían,
2349 2834 65 35 en

558 2897 48 50 la
635 2898 114 50 cual
780 2897 104 66 hay
912 2914 66 35 un
1019 2899 370 65 pensamiento
1419 2899 379 62 desarrollado,
1844 2900 255 66 después,
2149 2903 174 65 ¡quién
2365 2903 49 51 lo

559 2981 144 51 diría!
736 2997 95 50 por
859 2982 45 51 el
935 2983 305 50 mismísimo
1271 2982 188 52 Heine:

1143 3092 104 53 Que
1269 3096 47 40 te
1340 3096 110 40 tuve
1474 3106 55 29 en
1554 3095 83 41 mis
1660 3094 172 43 brazos

1136 3164 179 41 anoche
1340 3166 132 49 soñé;

1139 3234 43 40 lo
1206 3246 87 40 que
1317 3234 69 41 reí
1408 3233 224 43 dormido,

1139 3302 222 54 dispierto
1386 3304 132 51 lloré,
1546 3308 87 39 etc.

661 3402 100 51 Por
800 3403 156 52 todas
988 3420 34 49 y
1051 3408 142 46 otras
1234 3419 225 36 razones
1495 3405 67 51 he
1603 3407 196 64 podido
1830 3408 141 51 decir
2011 3410 403 53 musicalmente

557 3501 119 51 que,
710 3488 207 51 cuando
946 3502 195 51 surgen
1171 3488 47 51 la
1248 3492 235 48 cuarteta
1511 3506 34 49 y
1574 3490 46 50 la
1649 3492 295 64 seguidilla,
1979 3508 31 36 o
2042 3495 372 65 simplemente

556 3571 79 50 los
683 3586 190 37 versos
920 3573 66 51 de
1032 3587 126 37 esos
1206 3577 262 59 cantares,
1525 3590 29 35 a
1602 3576 78 50 los
1728 3577 180 50 cuales
1962 3593 195 51 parece
2204 3596 103 50 que
2352 3596 62 36 se

554 3654 204 53 aterran
788 3657 46 50 el
868 3661 162 61 gusto
1058 3674 34 49 y
1120 3658 46 50 el
1196 3658 161 50 sentir
1397 3659 82 51 del
1511 3660 213 64 pueblo,
1771 3676 168 37 nacen
1969 3664 157 51 todas
2157 3665 77 51 las
2262 3665 151 63 Jotas

554 3738 221 54 habidas
813 3758 34 48 y
875 3756 96 51 por
998 3741 182 63 haber,
1226 3743 79 50 los
1335 3747 244 48 cantares
1620 3744 240 53 bailados
1889 3762 31 35 o
1950 3748 77 50 sin
2057 3749 155 63 baile,
2256 3751 158 52 todas
