3158 4654
798 532 44 44 14
1451 538 149 33 FELIPE
1642 537 196 33 PEDRELL

725 677 322 66 apuntando,
1100 691 93 50 por
1245 677 217 62 consejo
1516 676 65 49 de
1628 675 62 49 mi
1745 678 247 55 maestro,
2050 676 190 47 cuanto
2289 674 49 48 oí
2384 675 177 48 cantar

725 763 219 49 durante
986 761 77 49 los
1094 761 111 50 dias
1247 760 65 50 de
1354 760 62 49 mi
1449 758 220 51 infancia
1699 775 27 32 a
1769 758 63 49 mi
1863 758 195 50 madre.
2106 757 55 49 El
2194 757 262 50 ambiente
2496 756 65 50 de

724 845 237 65 aquellos
992 848 183 46 cantos
1217 859 82 34 me
1327 843 288 53 fascinaba,
1662 843 356 58 ciertamente,
2054 856 126 50 pero
2210 856 69 49 yo
2310 840 251 63 ignoraba

724 930 152 50 cómo
917 929 306 49 traducirlos
1265 943 62 34 en
1359 928 215 49 música.
1610 926 72 50 Se
1712 927 46 48 lo
1790 927 329 63 preguntaba
2160 941 28 33 a
2237 926 44 48 la
2313 925 248 64 partitura

725 1013 64 50 de
819 1012 358 64 Freyschiútz;
1205 1027 58 34 se
1293 1012 47 49 lo
1371 1011 327 64 preguntaba
1728 1025 27 34 a
1786 1010 77 49 los
1902 1008 169 51 lieder
2108 1010 65 49 de
2205 1008 277 51 Schubert:
2518 1008 45 49 la

727 1095 208 65 esfinge
964 1098 332 61 permanecía
1327 1096 241 49 muda....
1604 1094 133 55 (1)».

831 1180 196 63 Escogí
1068 1195 64 34 un
1175 1184 207 55 asunto,
1429 1194 99 49 que
1558 1177 87 50 fué
1676 1179 232 62 después
1939 1192 100 35 una
2069 1178 179 63 ópera,
2283 1176 67 50 El
2374 1177 191 48 último

727 1263 382 62 Abencerraje,
1157 1279 32 48 y
1230 1279 66 48 ya
1338 1278 81 34 me
1461 1265 103 47 creí
1593 1263 115 48 bien
1753 1261 256 51 colocado
2051 1276 64 35 en
2145 1261 44 50 el
2233 1262 185 48 mismo
2460 1276 103 34 am-

727 1348 174 50 biente
931 1347 65 50 de
1042 1347 45 49 la
1141 1347 233 50 deseada
1428 1346 357 65 exploración,
1844 1360 93 49 por
1989 1345 44 49 el
2083 1360 145 34 mero
2276 1344 169 51 hecho
2500 1344 66 51 de

728 1432 159 49 haber
916 1431 210 62 elegido
1155 1431 44 49 el
1230 1431 66 48 tal
1328 1435 206 45 asunto.
2399 1475 2 3 |
2549 1423 2 2 |

832 1515 72 49 En
953 1530 167 45 suma,
1166 1529 100 49 que
1309 1515 44 48 la
1395 1515 160 63 ópera
1597 1529 57 55 se
1696 1514 241 60 escribió,
1983 1527 59 35 se
2087 1514 328 64 representó,
2467 1527 96 36 con

728 1599 220 64 aplauso
990 1615 31 47 y
1051 1598 144 60 todo,
1235 1615 32 47 y
1298 1612 100 50 que
1438 1598 208 63 alguien
1690 1597 241 50 escribió:
1984 1597 286 51 «Decidme
2311 1598 41 48 si
2383 1597 182 50 habéis

725 1683 218 63 logrado
973 1682 158 49 hallar
1160 1697 62 34 en
1253 1687 114 44 esta
1398 1683 160 62 ópera
1590 1697 63 34 un
1684 1682 115 49 solo
1830 1696 142 45 coro,
2008 1697 100 34 una
2138 1682 115 49 sola
2284 1681 276 59 cantinela,

727 1782 99 33 una
857 1766 112 49 sola
1005 1766 149 64 pieza
1197 1766 63 49 de
1291 1766 267 60 conjunto,
1607 1781 63 34 un
1702 1765 185 64 simple
1929 1765 236 65 preludio
2208 1765 356 50 instrumental

728 1865 62 34 en
833 1864 165 50 que...
1046 1865 65 33 no
1153 1849 183 65 hayáis
1378 1850 138 50 visto
1556 1848 153 51 tlotar
1750 1864 122 35 esas
1914 1849 238 63 poéticas
2190 1849 207 63 frases,
2442 1863 123 35 esas

728 1948 297 50 vaporosas
1072 1934 255 49 melodías
1375 1948 101 50 que
1523 1934 242 49 nacieron
1814 1949 28 33 a
1885 1933 171 50 orillas
2096 1933 80 50 del
2221 1932 136 51 Ebro
2404 1950 32 47 y
2484 1933 79 50 del

729 2018 156 50 Turía
914 2034 33 47 y
977 2018 79 50 del
1090 2016 252 51 Genil...»

834 2102 82 49 De
944 2101 125 50 todo
1100 2107 115 43 este
1245 2116 243 49 proceso,
1535 2102 257 62 deduje...
1844 2116 131 50 «que
2005 2102 45 49 la
2080 2102 338 64 exploración
2449 2115 113 35 rea-

729 2186 184 59 lizada,
961 2200 100 49 que
1097 2201 64 33 no
1204 2186 200 63 pasaba
1434 2186 65 49 de
1541 2186 215 60 intento,
1799 2186 65 49 de
1911 2200 64 34 un
2017 2186 136 50 buen
2196 2186 197 48 intento
2434 2185 40 49 si
2504 2199 59 35 se

726 2272 194 62 quiere,
977 2270 173 62 exigía
1204 2269 233 50 ahondar
1490 2273 111 45 más
1649 2286 32 47 y
1728 2273 131 56 más,
1917 2270 75 48 sin
2047 2283 305 51 separarme
2400 2269 65 50 de
2518 2269 46 49 la

728 2355 133 48 linea”
919 2353 214 50 trazada
1193 2367 118 50 que,
1374 2369 27 33 .a.
1461 2354 63 48 mi
1585 2368 109 46 ver,
1762 2370 32 47 y
1853 2369 66 48 ya
1978 2354 166 50 desde
2202 2357 255 46 entonces
2516 2353 48 49 le

727 2437 320 65 comprendí,
1100 2452 95 34 con
1245 2437 138 49 claro
1431 2437 448 64 presentimiento,
1930 2452 84 34 era
2065 2438 44 48 la
2164 2438 163 61 mejor
2372 2453 33 48 y
2453 2439 111 47 más

726 2536 192 49 segura
949 2518 133 65 (2)».

831 2605 121 49 Mas
982 2608 150 46 antes
1174 2605 65 50 de
1270 2619 155 50 pasar
1465 2605 261 60 adelante,
1773 2605 63 49 ha
1867 2606 65 49 de
1972 2606 315 63 permitirme
2328 2605 43 50 el
2405 2605 159 51 lector

727 2704 100 50 que
857 2703 82 35 me
980 2689 236 64 disculpe
1245 2689 80 50 del
1357 2703 160 49 cargo
1548 2703 118 50 que,
1702 2690 74 48 sin
1809 2690 155 59 duda,
2000 2704 84 35 me
2112 2689 160 51 habrá
2302 2689 188 61 hecho,
2523 2690 40 48 si

726 2773 64 49 ha
820 2772 195 50 notado
1045 2787 101 50 que
1175 2772 155 51 hablo
1360 2773 65 50 de
1454 2773 95 48 mis
1579 2788 157 34 cosas
1767 2788 47 46 o,
1850 2788 125 50 para
2005 2774 193 50 decirlo
2229 2788 184 35 menos
2455 2788 108 35 cru-

727 2857 261 52 damente,
1035 2856 138 51 de.la
1215 2856 213 50 historia
1472 2857 174 49 íntima
1676 2857 65 50 de
1783 2858 94 49 mis
1919 2858 175 49 obras.
2143 2855 173 52 Como
2345 2857 66 50 he
2451 2872 113 50 pre-

726 2941 185 50 dicado
952 2955 96 36 con
1091 2940 45 50 la
1179 2940 211 64 palabra
1432 2957 32 48 y
1511 2941 44 49 el
1598 2941 229 64 ejemplo
1881 2942 65 50 de
1991 2942 45 49 la
2090 2941 144 61 obra,
2295 2942 270 50 necesaria

726 3041 33 49 y
780 3023 305 51 fatalmente
1114 3025 45 49 el
1189 3025 228 63 ejemplo
1448 3041 32 48 y
1510 3025 45 49 la
1586 3025 211 64 palabra
1828 3040 57 34 se
1916 3040 82 35 me
2029 3026 281 64 imponían,
2344 3041 28 34 a
2400 3025 69 50 fin
2501 3026 65 50 de

728 3123 101 50 que
869 3123 83 35 me
996 3113 208 45 tomase
1244 3124 68 48 yo
1361 3109 184 49 mismo
1593 3124 151 35 como
1792 3124 145 46 caso,
1989 3126 32 47 y
2062 3125 66 34 no
2170 3124 183 36 menos
2395 3125 83 35 me
2518 3110 47 50 lo

727 3192 329 51 demandaba
1110 3192 44 49 la
1202 3193 246 49 novedad
1502 3193 211 50 musical
1769 3194 65 50 de
1881 3194 46 49 la
1975 3194 234 60 materia,
2267 3209 94 50 por
2412 3194 154 51 nadie

727 3275 318 62 destlorada,
1098 3291 101 50 que
1239 3291 69 50 yo
1355 3291 150 50 sepa,
1550 3291 62 35 en
1663 3276 231 65 España,
1940 3277 205 51 cuando
2187 3293 184 35 menos
2413 3293 153 36 como

727 3375 69 50 yo
838 3361 47 49 lo
915 3361 271 64 pretendía
1228 3360 65 50 ha
1333 3361 215 63 tiempo,
1594 3375 126 50 para
1762 3361 156 51 hacer
1947 3362 126 50 obra
2114 3363 66 50 de
2222 3363 343 50 nacionaliza-

808 3553 63 53 (1)
933 3554 76 51 Op.
1035 3554 67 39 cit.
1130 3556 104 50 pág:
1260 3556 67 39 71.

809 3638 63 51 (2)
933 3638 76 51 Op.
1037 3638 68 39 cit.
1132 3638 82 39 vid.
1242 3639 38 41 el
1308 3641 85 39 art.
1421 3637 68 42 VI,
1518 3652 27 39 y
1569 3638 188 43 además
1781 3640 55 40 de
1861 3639 212 42 diversos
2097 3642 185 51 pasajes
2307 3641 70 41 del
2411 3642 155 42 mismo

728 3708 128 43 libro,
897 3708 40 42 el
971 3710 210 40 volumen
1216 3708 241 42 intitulado
1486 3708 346 48 Orientaciones,
1860 3723 86 39 que
1977 3711 55 40 ha
2067 3711 54 42 de
2152 3724 76 29 ser
2259 3711 307 43 considerado

726 3791 130 29 como
882 3779 41 41 la
947 3779 208 53 segunda
1180 3782 132 49 parte
1338 3779 55 41 de
1417 3779 226 40 Jornadas
1664 3779 53 40 de
1735 3781 119 39 Arte.
