3158 4654
947 562 302 35 CANCIONERO
1292 561 201 35 MUSICAL
1535 560 210 35 POPULAR
1785 549 211 45 ESPAÑOL
2267 555 54 39 53

649 698 55 65 2)
783 700 70 50 La
884 701 240 63 segunda
1165 699 88 51 fué
1294 700 249 63 recogida
1587 714 63 34 en
1682 696 187 53 Osuna
1911 693 252 67 (Sevilla)
2206 710 94 50 por
2330 696 64 49 mi

548 785 249 50 ilustrado
827 785 176 63 amigo
1034 785 65 48 D..
1133 784 280 50 Francisco
1444 783 300 63 Rodriguez
1774 782 189 49 Marín.
1999 780 74 50 En
2105 780 46 50 la
2180 780 212 51 sección

545 869 66 50 de
674 867 281 50 Melodías
1006 869 65 49 de
1124 884 58 33 su
1240 867 433 65 importantísima
1727 866 268 50 colección
2058 865 66 50 de
2182 861 217 53 Cantos

538 952 305 63 populares
905 952 300 63 españoles
1266 951 169 63 figura
1501 952 115 48 ésta
1682 964 97 36 con
1833 949 45 50 el
1933 952 139 46 núm.
2130 948 31 50 3
2212 945 181 64 (Vide,

542 1040 143 45 tomo
715 1035 60 59 V,
823 1039 122 61 pág.
1001 1035 134 59 108).
1182 1035 91 50 Me
1327 1035 65 49 he
1422 1034 274 64 permitido
1727 1033 226 50 verterla
1990 1047 63 35 en
2096 1033 149 48 ritmo
2276 1034 114 47 más

543 1120 291 60 adecuado,
893 1120 232 63 después
1179 1120 66 49 de
1291 1119 123 49 oirla
1463 1118 215 50 muchas
1726 1132 164 36 veces
1937 1132 29 34 a
2014 1130 262 51 personas
2324 1115 66 51 de

545 1203 94 50 mis
667 1203 312 50 relaciones.

647 1284 54 65 3)
779 1286 74 50 En
886 1287 44 49 la
960 1287 265 50 colección
1258 1287 66 50 de
1357 1283 216 53 Cantos
1600 1285 317 63 Españoles
1945 1285 66 51 de
2043 1284 65 50 D.
2144 1283 248 51 Eduardo

545 1369 152 52 Ocón
745 1385 227 49 aparece
1019 1371 44 48 la
1111 1370 226 50 melodía
1379 1370 65 50 de
1490 1373 116 46 esta
1657 1369 188 61 Nana,
1896 1383 122 50 muy
2060 1368 224 65 popular
2330 1381 64 36 en

543 1454 122 51 toda
697 1455 46 48 la
771 1455 181 62 región
985 1455 332 63 malagueña.
1481 1514 2 2 :

646 1536 55 64 4)
781 1536 173 66 Copié
1001 1554 96 35 con
1147 1553 148 35 suma
1344 1538 242 50 atención
1629 1538 45 48 la
1717 1537 227 50 melodía
1985 1537 66 50 de
2093 1551 93 35 esa
2228 1535 168 50 Vana

543 1622 234 63 después
825 1622 66 50 de
931 1622 124 50 oirla
1098 1626 179 46 cantar
1317 1621 216 50 muchas
1576 1636 162 35 veces
1781 1637 28 33 a
1852 1621 45 49 la
1938 1621 184 49 misma
2163 1620 232 50 señorita

544 1720 102 50 que
693 1720 82 35 me
822 1707 274 49 comunicó
1146 1707 43 48 la
1240 1706 252 50 señalada
1540 1720 96 36 con
1680 1706 44 48 el
1769 1708 138 47 núm.
1960 1704 42 50 1.
2054 1704 237 51 Procede
2331 1704 66 50 de

545 1788 268 52 Granada.

647 1870 56 66 5)
781 1872 270 65 Recogida
1086 1874 229 50 también
1358 1888 63 35 en
1453 1872 187 51 Osuna
1683 1870 252 66 (Sevilla)
1979 1887 95 50 por
2102 1872 67 50 D.
2203 1872 57 50 F.
2295 1871 100 51 Ro-

543 1957 217 64 driguez
807 1957 169 50 Marín
1031 1956 163 63 (Vide
1238 1958 43 49 el
1332 1959 186 48 mismo
1570 1962 145 45 tomo
1763 1957 42 51 V
1852 1957 66 50 de
1965 1957 48 49 lo
2061 1971 88 50 op.
2201 1956 190 60 citada,

543 2044 126 61 pág.
707 2040 113 61 107,
855 2044 137 46 núm.
1027 2039 73 64 2).
2029 2029 4 4 ?

646 2122 56 66 6)
783 2124 71 50 La
884 2125 254 50 bellísima
1169 2126 216 50 canción
1429 2126 65 50 de
1524 2140 132 35 cuna
1687 2140 101 49 que
1829 2125 360 64 corresponde
2217 2140 29 34 a
2275 2128 118 46 este

543 2212 217 46 número
802 2209 231 64 procede
1073 2209 66 50 de
1179 2224 100 34 una
1321 2210 253 63 apartada
1616 2209 151 50 aldea
1809 2209 66 50 de
1915 2210 253 49 'brañeros
2210 2209 66 51 de
2318 2210 76 49 las

542 2296 279 46 montañas
863 2292 568 67 Medio-occidentales
1474 2294 65 50 de
1580 2292 261 50 Asturias.
1893 2293 93 50 Me
2032 2292 87 51 fué
2167 2294 229 50 comuni-

541 2376 132 51 cada
704 2391 94 50 por
838 2377 64 49 mi
933 2377 205 64 insigne
1172 2378 176 62 amigo
1378 2377 66 50 D.
1479 2377 200 50 Ramón
1711 2377 305 51 Menéndez
2046 2377 142 51 Pidal
2231 2376 58 66 (y
2329 2393 67 49 ya

541 2460 107 51 diré
679 2464 112 46 más
831 2460 244 51 adelante
1104 2462 173 58 cómo,
1324 2477 28 33 a
1381 2476 196 49 ruegos
1608 2463 152 58 míos,
1807 2476 60 35 se
1896 2461 187 51 dedicó
2113 2461 44 50 al
2193 2460 201 65 foíklo-

537 2545 169 48 rismo
735 2545 198 49 músico
968 2559 94 50 por
1091 2545 75 49 las
1196 2546 278 63 analogías
1519 2560 102 50 que
1663 2546 322 50 encontraba
2016 2560 97 35 con
2145 2546 46 49 el
2223 2546 168 49 litera-

539 2629 91 60 rio,
688 2632 197 58 tantas,
943 2644 102 49 que
1098 2630 190 50 mandó
1341 2630 349 50 transcribirla
1739 2645 28 34 a
1821 2644 229 50 persona
2103 2630 283 51 entendida

539 2712 65 50 de
632 2713 124 50 toda
787 2727 60 36 su
878 2710 322 66 confianza).

643 2794 55 65 7)
776 2795 138 52 Oída
955 2798 115 49 ésta
1112 2813 28 34 a
1183 2813 100 34 una
1326 2798 288 51 muchacha
1657 2798 66 51 de
1770 2798 246 61 servicio,
2062 2799 218 51 oriunda
2321 2799 66 51 de

537 2880 234 64 Badajoz
800 2878 448 66 (Extremadura),
1281 2899 33 47 y
1344 2882 223 65 copiada
1598 2897 95 50 por
1723 2884 85 48 mí.

643 2965 92 64 8
690 2958 52 77 y
764 2962 55 66 9)
899 2964 158 51 Estos
1099 2967 97 50 dos
1249 2966 396 60 Vou-veri-vou,
1692 2981 102 50 que
1841 2969 79 47 así
1966 2982 60 35 se
2073 2968 187 50 llaman
2316 2968 76 50 las

540 3049 282 50 canciones
864 3050 66 50 de
971 3049 125 50 bres
1135 3066 29 34 o
1213 3051 65 50 de
1319 3066 132 35 cuna
1493 3065 64 35 en
1603 3052 74 48 las
1720 3051 127 50 Islas
1889 3052 272 61 Baleares,
2205 3051 187 52 fueron

540 3133 279 64 recogidas
863 3149 93 50 por
991 3135 63 48 mi
1098 3135 320 63 distinguido
1461 3135 308 64 malogrado
1799 3136 195 64 amigo,
2039 3153 34 48 y
2102 3137 291 51 entendidí-

539 3217 132 50 simo
682 3209 365 71 folklorista,
1099 3217 232 51 Antonio
1379 3219 272 65 Noguera.
1704 3219 203 52 Ambos
1960 3219 205 66 figuran
2219 3236 64 34 en
2332 3236 61 35 su

541 3302 241 63 preciosa
813 3302 270 50 Memoria
1112 3304 166 48 sobre
1312 3303 87 50 los
1425 3308 221 57 cantos,
1691 3304 179 50 bailes
1892 3320 37 49 y
1958 3309 231 46 tocatas
2220 3320 174 49 popu-

540 3385 149 50 lares
715 3384 69 52 de
810 3387 53 49 la
893 3386 112 50 Isla
1037 3386 68 51 de
1131 3387 276 50 Mallorca
1438 3385 99 65 (1),
1572 3389 250 49 memoria
1866 3403 101 51 que
2006 3388 89 51 fué
2125 3390 270 64 premiada

622 3565 63 53 (1)
746 3567 62 41 La
833 3567 176 42 edición
1035 3580 86 40 que
1151 3569 102 39 hizo
1281 3569 40 40 la
1352 3568 272 42 llustración
1658 3569 200 42 Musical
1888 3570 512 52 Hispano-Americana

540 3636 51 28 es
625 3623 41 40 la
691 3623 195 52 primera
922 3637 86 39 que
1043 3637 49 28 se
1118 3624 178 51 publicó
1329 3624 298 46 (Barcelona,
1666 3624 160 43 Víctor
1860 3626 197 51 Berdos,
2100 3628 125 52 1893)
2258 3641 56 29 en
2338 3641 58 29 un

541 3680 223 50 opúsculo
798 3679 55 41 de
886 3681 54 40 72
971 3681 194 51 páginas
1199 3693 84 28 con
1320 3681 237 52 ejemplos.
1597 3680 61 43 Se
1698 3682 249 52 reprodujo
1980 3684 108 52 algo
2120 3685 276 41 comentada

540 3734 192 51 (Palma,
760 3735 251 53 tipografía
1035 3736 55 41 de
1115 3736 52 41 T.
1196 3736 175 53 Guasp,
1404 3738 138 49 1894),
1572 3751 54 28 en
1652 3741 102 39 esta
1777 3740 216 51 segunda
2014 3740 194 42 edición.
2236 3740 38 41 Y
2302 3742 98 41 vol-

540 3791 75 41 vió
649 3804 25 28 a
708 3792 324 51 reproducirse
1066 3805 54 29 en
1157 3794 40 40 la
1231 3794 233 41 selección
1500 3794 55 42 de
1590 3795 222 41 artículos
1846 3796 249 53 escogidos
2128 3810 87 40 que
2241 3811 52 29 se
2320 3810 80 40 pu-

539 3846 119 43 blicó
693 3860 110 40 para
837 3849 169 41 honrar
1041 3850 41 40 la
1116 3850 217 41 memoria
1368 3849 70 42 del
1474 3850 177 53 insigne
1685 3852 172 41 músico
1891 3853 288 53 mallorquín,
2217 3867 25 28 a
2277 3867 120 40 poco

541 3902 55 43 de
620 3916 52 29 su
699 3908 191 39 muerte.
