3158 4654
961 501 303 37 CANCIONERO
1307 501 204 36 MUSICAL
1551 501 212 36 POPULAR
1804 477 198 75 ESPAÑOL
2287 494 55 46 49

556 643 168 62 según
763 638 302 53 Cervantes
1096 641 65 50 da
1190 656 28 34 a
1253 640 255 51 entender
1535 654 64 35 en
1631 639 46 50 la
1706 641 244 63 segunda
1981 642 149 62 parte
2158 639 81 51 del
2278 637 130 62 Qui-

550 726 120 61 jote
709 726 288 63 provienen
1028 725 66 51 de
1135 725 206 65 aquella
1383 725 201 63 región,
1630 740 33 48 y
1704 726 80 47 así
1824 724 48 50 lo
1914 724 257 64 consigna
2217 724 45 49 él
2308 739 98 35 con

557 809 99 50 cita
704 808 81 50 ad
824 810 122 59 hoc,
992 826 33 47 y
1076 809 44 49 la
1169 811 186 62 poesía
1397 809 183 64 propia
1610 809 81 49 del
1741 811 180 47 cantar
1962 822 102 51 que
2111 811 296 61 acompaña

554 894 44 48 al
641 894 135 50 baile
806 894 279 64 persisten,
1133 894 167 50 desde
1341 893 239 65 aquellos
1621 893 228 63 tiempos
1879 892 153 50 hasta
2061 893 80 49 los
2171 893 67 50 de
2279 891 129 50 Don

553 976 228 51 Preciso
821 975 107 66 (Iza
958 978 303 60 Zamácola,
1307 977 45 50 el
1381 992 130 50 gran
1556 977 307 50 vindicador
1903 991 63 35 en
2009 977 45 49 el
2085 977 137 65 siglo
2252 975 155 53 XVIII

554 1062 65 49 de
649 1065 245 46 nuestros
925 1062 165 50 bailes
1120 1059 329 65 nacionales)
1480 1077 33 48 y
1547 1061 77 49 los
1655 1065 301 60 presentes.

658 1145 55 49 El
746 1146 206 64 insigne
981 1145 119 50 Don
1131 1145 281 51 Francisco
1444 1145 301 64 Rodriguez
1774 1144 171 51 Marín
1978 1145 195 51 detalla
2215 1159 97 37 con
2343 1160 62 35 su

550 1230 317 50 reconocido
896 1230 166 64 garbo
1091 1230 125 50 toda
1245 1243 93 36 esa
1368 1229 217 49 materia
1615 1243 165 51 parva
1808 1245 34 48 y
1870 1244 29 35 a
1929 1243 92 36 sus
2051 1229 357 51 indicaciones

551 1328 82 35 me
661 1317 197 60 atengo
887 1328 64 35 en
983 1313 48 50 lo
1062 1328 103 50 que
1198 1313 162 50 ahora
1389 1328 84 35 me
1514 1313 224 65 permito
1766 1317 266 47 extractar
2072 1309 335 69 empezando

550 1412 94 50 por
691 1397 44 50 la
783 1398 222 64 primera
1053 1397 167 50 forma
1274 1398 212 50 métrica
1534 1397 222 65 popular
1802 1397 259 51 andaluza
2110 1412 102 51 que
2258 1412 77 42 es.
2359 1398 47 50 la

547 1475 184 75 Soleá.
1972 1506 2 3 |

654 1565 72 50 La
755 1564 628 53 Soleá—dice—consta
1425 1566 66 50 de
1519 1569 107 46 tres
1668 1580 191 36 versos
1889 1566 346 62 octosílabos,
2282 1581 120 36 aso-

552 1650 230 50 nantado
812 1665 30 35 o
871 1651 437 49 aconsonantado
1337 1650 46 50 el
1415 1650 224 65 primero
1669 1665 98 36 con
1798 1651 44 49 el
1873 1655 225 46 tercero.
2134 1650 262 66 Ejemplo:

1213 1759 71 42 Yo
1309 1762 107 40 metí
1439 1773 25 28 a
1491 1760 41 42 la
1557 1761 183 50 lotería;

1208 1830 128 41 M'ha
1360 1831 186 52 tocaiyo
1571 1834 47 38 tu
1642 1843 217 39 persona,

1210 1902 161 50 qu'era
1397 1902 43 40 lo
1464 1913 87 40 que
1575 1914 58 39 yo
1658 1902 175 51 quería.

651 2000 70 51 Es
753 2015 153 36 como
938 2001 46 49 la
1015 1999 185 51 triada
1228 2000 231 65 gallega.

649 2085 72 50 La
773 2085 285 64 solearíya
1110 2100 60 35 es
1223 2100 100 35 una
1376 2085 162 50 soleá
1584 2100 137 50 cuyo
1775 2087 190 64 primer
2017 2101 179 48 verso,
2254 2102 144 37 mero

542 2184 257 50 arranque
829 2184 125 50 para
983 2169 45 50 el
1059 2168 248 51 esfuerzo
1339 2184 102 50 que
1469 2170 45 49 al
1546 2173 180 47 cantar
1765 2171 275 64 requieren
2072 2172 78 50 los
2192 2176 201 47 restan-

541 2257 99 57 tes,
675 2257 185 46 consta
891 2254 65 50 de
983 2258 106 45 tres
1119 2253 196 51 sílabas
1345 2254 265 50 métricas:

1272 2363 158 42 El

1160 2433 89 42 Las
1271 2434 177 41 horitas
1473 2433 55 43 de
1554 2434 41 41 la
1619 2435 146 41 noche

1158 2516 70 30 me
1253 2504 67 41 las
1344 2516 113 40 paso
1482 2505 67 41 sin
1574 2504 185 43 dormir.

646 2604 174 51 Véase
849 2608 218 46 estotra:

1271 2715 158 52 ¡Ejem!

1156 2784 191 43 Horitas
1370 2789 143 50 tengo
1538 2798 55 29 en
1619 2787 39 41 el
1685 2786 71 42 dia

1155 2855 70 43 De
1249 2868 58 28 no
1333 2868 187 40 poerme
1543 2856 120 42 balé.

641 2956 72 50 La
765 2955 245 65 Alegría,
1061 2956 45 50 el
1159 2959 113 47 más
1318 2957 167 50 breve
1531 2957 66 51 de
1649 2958 79 50 los
1781 2962 244 47 cantares
2077 2960 309 64 españoles,

535 3040 153 65 copla
729 3055 123 50 muy
892 3040 265 65 parecida,
1202 3054 96 51 por
1326 3041 181 61 cierto,
1552 3056 29 35 a
1611 3041 76 51 las
1721 3044 137 48 ciuri
1883 3041 170 65 (fiori)
2094 3044 67 51 de
2190 3042 195 64 Sicilia,

534 3125 139 49 tiene
719 3124 114 50 sólo
881 3124 97 51 dos
1027 3139 188 35 versos
1263 3125 364 51 asonantados
1669 3141 30 35 O
1740 3129 491 60 aconsonantados,
2279 3129 109 51 casi

534 3209 228 64 siempre
802 3208 65 51 de
907 3209 148 50 cinco
1097 3208 196 52 sílabas
1334 3210 46 49 el
1422 3210 226 64 primero
1689 3227 34 49 y
1764 3211 67 51 de
1871 3212 117 51 diez
2029 3212 46 50 el
2117 3213 266 65 segundo,

532 3309 34 48 y
614 3293 242 51 divisible
902 3294 116 48 éste
1066 3308 62 35 en
1176 3292 384 66 hemistiquios.
1618 3294 84 51 De
1754 3296 260 51 ordinario
2061 3311 59 35 es
2167 3295 216 54 festiva.

535 3376 259 65 Ejemplo:

1148 3473 143 43 Tiene
1315 3486 117 30 unos
1456 3474 181 43 dientes

1094 3543 147 43 Como
1264 3545 212 52 granitos
1500 3545 56 42 de
1581 3558 138 29 arroz
1742 3559 85 29 con
1853 3547 145 42 leche.

1149 3684 145 42 Tiene
1319 3698 116 29 unos
1463 3687 102 51 ojos

1093 3754 104 52 Que
1222 3756 68 40 las
1314 3759 222 49 pestañas
1560 3757 41 42 le
1626 3758 141 42 hasen
1793 3760 225 50 manojos.
