3158 4654
1067 1185 374 80 SECCIÓN
1498 1200 415 64 SEGUNDA

1353 1358 276 59 La-Las

1145 1577 692 63 ESCLARECIMIENTOS

674 1792 179 50 Llamo
899 1793 417 49 £La-Las
1126 1787 72 72 a
1198 1793 118 49 las
1364 1793 370 50 cancioncillas
1783 1793 64 50 de
1895 1792 206 60 arrullo,
2154 1791 263 64 columpio

569 1892 123 49 para
713 1872 192 74 la-lar
933 1892 29 33 o
993 1877 579 62 alegrar
1212 1872 63 74 a
1274 1872 112 74 los
1391 1872 210 74 niños,
1619 1877 500 50 enseñándoles
2014 1872 124 74 los
2161 1876 256 65 primeros

568 1962 388 49 movimientos.

673 2045 280 64 Despierta
983 2045 43 49 el
1059 2046 119 48 niño
1208 2046 65 49 de
1303 2060 59 34 su
1394 2046 205 63 plácido
1630 2044 786 65 sueño,
1828 2040 62 74 y
1890 2040 111 74 las
2007 2044 247 65 madres,
2253 2040 88 74 en
2340 2040 75 74 la

568 2130 180 48 misma
779 2144 131 34 cuna
942 2144 29 32 o
1002 2129 347 50 colocándolo
1390 2144 62 34 en
1484 2143 56 34 su
1573 2127 159 61 falda,
1779 2123 183 76 previa
1992 2129 45 49 la
2066 2129 182 50 acción
2290 2142 125 51 para

567 2213 320 64 desperezar
933 2228 90 34 sus
1071 2214 282 49 miembros
1361 2209 255 72 tiernos,
1672 2213 247 49 inventan
1961 2230 33 47 y
2037 2217 230 45 entonan
2315 2227 101 34 una

567 2298 211 63 porción
821 2298 65 50 de
922 2297 1119 64 entretenimientos
1427 2293 168 72 hasta
1595 2293 240 72 llegar,
1835 2293 156 72 poco
1991 2293 60 72 a
2071 2311 348 50 poco,
2237 2293 60 72 y
2297 2311 120 50 por

565 2376 349 73 eradaciones
945 2376 299 73 sucesivas,
1279 2398 28 32 a
1339 2381 44 49 la
1414 2382 181 49 acción
1627 2382 65 49 de
1734 2376 154 73 hacer
1917 2376 164 73 soltar
2109 2396 29 34 a
2167 2381 163 50 andar
2370 2380 46 50 al

566 2466 137 59 niño,
750 2480 101 49 que
879 2480 59 35 es
980 2465 44 49 la
1069 2466 213 49 victoria
1314 2465 266 60 obtenida,
1627 2481 27 33 a
1654 2461 72 72 la
1756 2469 204 46 corta
1900 2461 48 72 o
1990 2480 27 34 a
2014 2461 63 72 la
2092 2461 195 72 larga,
2322 2479 94 49 por

565 2564 93 35 esa
712 2550 134 49 serie
899 2550 65 50 de
1017 2550 372 50 movimientos
1439 2550 390 64 preparatorios
1878 2564 102 50 que
2026 2563 60 36 se
2134 2549 187 50 llaman
2369 2549 45 50 el

563 2637 390 57 serrín-serrín,
1000 2632 152 50 anda
1181 2634 291 60 caballito,
1519 2649 279 34 arre-arre
1823 2634 213 60 mulita,
2081 2637 118 46 este
2225 2630 190 65 (dedo)

558 2732 144 49 puso
731 2733 68 34 un
827 2718 193 60 huevo,
1065 2720 145 46 mizo
1244 2722 163 59 gato,
1453 2722 124 56 etc.,
1624 2735 32 47 y
1685 2728 60 40 se
1785 2732 298 50 componen
2115 2718 67 50 de
2221 2716 194 51 formu-

564 2802 128 50 lillas
740 2803 245 59 músicas,
1038 2817 101 49 que
1185 2817 66 34 no
1298 2803 303 59 canciones,
1654 2803 66 50 de
1768 2803 179 49 ritmos
1994 2802 66 51 de
2106 2802 198 64 tiempo
2348 2802 66 51 de

562 2901 128 49 eran
733 2887 277 64 precisión.
1059 2884 173 52 Como
1263 2886 75 49 las
1380 2886 209 50 madres
1632 2888 116 48 sólo
1789 2887 245 50 atienden
2066 2902 29 34 a
2125 2886 290 61 esto,
2270 2880 51 75 a
2333 2886 75 61 la

564 2967 258 73 precisión
853 2967 214 73 rítmica,
1103 2972 75 47 las
1209 2971 257 64 melodías
1497 2971 65 50 de
1603 2967 116 73 esta
1748 2971 212 50 sección
2005 2985 66 35 no
2101 2971 175 49 tienen
2307 2971 104 49 nin-

562 3058 106 61 eún
670 3050 239 75 relieve
941 3050 213 75 musical
1197 3071 33 48 y
1260 3054 76 50 las
1367 3069 253 50 pasamos
1663 3070 94 51 por
1786 3050 105 75 alto
1933 3069 201 52 porque
2177 3070 66 35 no
2273 3070 141 36 cum-

564 3139 118 64 plen
713 3155 28 34 a
771 3135 215 72 nuestro
986 3135 230 72 intento.
