3158 4654
770 578 51 41 58
1425 579 150 34 FELIPE
1613 578 198 34 PEDRELL

801 714 125 66 318)
1002 716 250 50 Historia
1298 730 35 36 a
1379 714 116 63 bat,
1539 714 262 51 intitúlase
1846 717 115 48 esta
2008 712 207 52 nonada
2260 712 263 66 estúpida,

700 802 208 64 indigna
937 801 65 51 de
1045 815 227 50 ponerse
1300 800 43 49 al
1387 799 226 51 servicio
1654 799 65 51 de
1761 799 45 50 la
1837 799 216 50 música.
2104 797 108 51 «Un
2243 811 192 36 suceso
2465 797 66 50 he

698 887 137 50 visto
863 901 29 34 a
919 886 179 49 través
1127 884 80 51 del
1238 884 220 64 agujero
1487 883 66 51 de
1590 898 102 35 una
1722 883 289 50 ventanita.
2058 880 74 52 Su
2162 881 269 50 narración
2473 895 60 36 es

697 969 274 65 imposible
999 983 200 51 porque
1226 968 64 51 da
1318 981 168 50 ganas
1515 967 66 51 de
1608 967 211 50 reirse.»

800 1050 124 65 319)
1005 1049 280 53 Charman
1330 1052 251 63 garríya.
1638 1050 85 51 Iba
1776 1066 30 34 a
1851 1049 307 65 suprimirla,
2217 1063 199 50 porque
2467 1064 65 49 ya

698 1152 124 49 raya
851 1150 64 36 en
945 1135 459 64 desvergonzada.
1443 1133 160 51 «Eres
1632 1134 339 61 arrobadora,
2005 1133 242 52 bailando
2275 1136 86 46 tan
2391 1133 137 50 bien.

698 1219 93 50 Me
842 1219 248 51 consuela
1135 1223 53 45 tu
1235 1218 154 51 noble
1441 1217 190 66 pecho.
1682 1218 132 50 Pero
1860 1221 163 61 tengo
2076 1232 100 35 una
2223 1231 136 50 pena
2408 1230 124 51 muy

697 1304 218 63 erande;
960 1319 33 48 y
1021 1317 58 35 es
1117 1316 100 50 que
1257 1302 164 51 bailas
1464 1316 97 36 con
1601 1302 160 50 todos
1804 1301 81 50 los
1915 1315 102 51 que
2055 1315 70 50 yo
2154 1315 67 35 no
2262 1301 270 64 querría—

700 1385 225 66 Aunque
966 1401 69 50 yo
1062 1387 53 49 te
1160 1386 104 63 dije
1304 1400 101 50 que
1444 1399 118 37 eres
1603 1385 267 60 hermosa,
1916 1399 152 51 como
2109 1399 66 36 no
2215 1385 177 50 sabías
2433 1398 101 51 que

698 1485 186 50 soy...,
934 1470 138 51 claro
1118 1484 58 35 es
1225 1484 101 50 que
1362 1470 186 50 siendo
1588 1484 135 50 yo...
1768 1485 34 49 y
1843 1469 312 51 llevando...
2201 1469 65 50 de
2306 1468 135 51 nada
2480 1471 54 47 te

696 1554 415 64 aprovecharían
1143 1554 96 49 mis
1269 1552 243 66 palabras
1541 1553 66 51 de
1633 1567 197 36 amor.»

800 1635 123 65 320)
998 1635 172 66 Argía
1199 1634 126 52 dela
1367 1634 188 52 diozu:
1603 1636 193 51 «Dices
1837 1650 103 51 que
1978 1650 59 36 es
2067 1636 66 51 de
2172 1636 100 62 dia;
2316 1636 217 50 todavía

698 1736 66 35 no
796 1735 59 36 es
883 1720 169 51 medía
1081 1720 187 51 noche.
1309 1720 206 65 Porque
1544 1720 250 64 ignoraba
1834 1734 70 51 yo
1933 1720 46 50 la
2020 1719 145 62 hora,
2197 1723 52 46 te
2278 1719 64 50 ha
2383 1734 147 50 pare-

699 1805 116 51 cido
844 1805 146 63 largo
1019 1804 45 50 el
1092 1805 212 64 tiempo.
1339 1803 84 52 No
1452 1804 197 50 sientes
1679 1819 161 36 amor.
1873 1802 177 52 Ahora
2078 1807 53 46 te
2159 1818 288 36 conozco.»

799 1886 125 65 321)
1005 1885 420 53 Ondarrabian:
1471 1887 105 50 «En
1614 1887 370 51 Fuenterrabia
2024 1887 104 65 hay
2157 1887 97 51 dos
2295 1887 228 51 bailado-

696 1986 82 35 res
807 1972 65 51 de
912 1972 238 64 primera:
1196 1971 77 50 los
1306 1986 202 36 conoce
1547 1971 282 51 Bernarda.
1876 1970 54 52 Si
1960 1971 132 50 ellos
2130 1986 67 35 no
2227 1971 45 50 la
2301 1985 159 37 sacan
2502 1987 29 35 a

695 2056 175 61 bailar,
904 2055 45 50 la
979 2055 163 64 pobre
1171 2055 237 51 derrama
1436 2056 249 64 copiosas
1715 2055 264 64 lágrimas.
2014 2054 117 52 Uno
2159 2070 60 35 es
2248 2054 213 62 Martin,
2495 2072 33 48 y

696 2139 222 51 Pachico
946 2138 45 51 el
1021 2134 132 71 otro;
1171 2139 82 51 de
1281 2153 66 36 no
1378 2139 165 61 verlo,
1577 2153 166 36 no...»

800 2219 124 66 322)
1001 2221 241 66 Mariya,
1273 2237 139 35 nora
1440 2237 155 36 zuez.
1641 2221 71 52 Es
1741 2237 94 50 por
1862 2222 46 51 el
1938 2222 152 51 estilo
2132 2223 65 50 de
2226 2223 46 50 la
2311 2223 219 51 titulada

700 2304 282 53 Charman
1014 2308 233 63 garriya
1288 2303 168 67 (319).
1514 2305 105 63 «¿A
1666 2306 175 51 donde
1886 2321 118 46 vas,
2056 2306 186 61 Maria,
2286 2310 94 53 tan
2414 2307 113 50 her-

696 2405 147 35 mosa
884 2406 33 48 y
945 2388 432 65 arrogante?—A
1406 2390 46 50 la
1491 2388 198 64 fuente,
1735 2390 231 62 Bartolo,
1999 2390 41 50 si
2072 2391 206 64 quieres
2309 2392 215 50 venir—

697 2471 151 64 ¿Qué
887 2473 104 65 hay
1030 2487 64 36 en
1136 2473 45 50 la
1220 2471 471 54 fuente?—Vinillo
1719 2473 207 52 blanco.
1960 2473 325 52 Beberemos
2309 2475 78 50 los
2429 2475 99 51 dos

695 2557 127 51 todo
851 2557 48 50 lo
928 2571 102 50 que
1058 2571 297 50 queramos.
1371 2575 18 24 »

797 2638 124 65 323)
997 2639 153 51 Pello
1170 2639 228 65 Josepe:
1438 2639 264 53 «Estando
1732 2640 168 52 Pedro
1934 2641 132 62 José
2106 2656 64 36 en
2200 2642 46 50 la
2286 2642 238 62 taberna,

694 2724 148 50 nació
888 2738 64 36 un
1000 2724 118 49 niño
1164 2724 66 51 de
1276 2723 189 51 Larran
1500 2723 106 51 Pen
1652 2723 234 66 (repite).
1939 2723 225 54 Cuando
2212 2726 139 64 llegó
2394 2742 29 35 a
2465 2741 61 36 su

694 2822 142 47 casa,
870 2807 147 51 dicen
1047 2822 101 50 que
1176 2807 202 63 dijo...»
1412 2807 99 51 Por
1539 2808 250 51 decencia
1818 2810 232 64 suprimo
2078 2809 45 51 el
2148 2813 164 47 resto.

797 2888 125 66 324)
1003 2888 358 53 Ondarrabia
1406 2891 244 64 chiquia:
1703 2890 257 54 «Cuando
2007 2892 181 66 Felipe
2232 2894 45 50 el
2327 2892 200 63 Quinto

695 2975 122 50 vino
857 2975 66 50 de
959 2989 92 50 rey
1091 2990 28 34 a
1148 2973 231 66 España,
1424 2974 225 52 Pachico
1678 2976 54 50 el
1760 2982 255 57 pequeño
2054 2975 293 66 (chiquia),
2390 2978 137 50 bailó

693 3072 63 35 en
786 3057 128 51 Irún:
947 3058 196 51 admiró
1171 3073 29 35 a
1227 3058 125 51 toda
1380 3058 47 51 la
1454 3062 163 61 gente
1644 3073 62 37 su
1735 3059 244 52 destreza
2009 3075 63 36 en
2103 3060 46 51 el
2179 3061 179 51 bailar.
2406 3060 120 52 Ale-

693 3143 95 63 gró
817 3157 29 35 a
876 3142 77 50 los
982 3145 296 61 magnates,
1311 3141 372 53 Fuenterrabia
1711 3158 117 36 ama
1855 3144 46 51 al
1930 3144 166 66 Rey».

799 3323 175 51 Véase
1002 3322 244 51 ArÉnDICE
1272 3340 64 34 Iv.
1370 3322 57 52 El
1450 3323 239 64 folklore
1716 3338 171 36 vasco
1923 3339 66 37 no
2018 3340 59 35 es
2106 3340 96 36 eso
2230 3341 64 36 en
2336 3330 191 48 cuanto

693 3423 29 34 a
751 3407 76 51 las
868 3408 156 50 letras
1065 3408 65 51 de
1170 3422 101 50 que
1307 3422 60 35 se
1395 3407 64 51 ha
1500 3408 138 51 dado
1680 3409 132 50 idea.
1858 3409 129 51 Para
2026 3414 276 47 encontrar
2341 3412 184 50 verda-

694 3492 125 50 dero
858 3490 254 65 folklore,
1161 3483 205 59 véanse
1412 3492 79 50 los
1537 3493 97 51 dos
1681 3493 246 51 artículos
1985 3495 67 50 de
2097 3498 117 47 este
2260 3493 261 64 APÉNDCE,

693 3574 292 51 Preludios
1022 3589 223 37 vascos.
