3158 4654
1076 1161 375 81 SECCIÓN
1507 1177 396 63 PRIMERA

564 1334 381 62 Canciones
994 1334 83 62 de
1127 1350 175 45 cuna
1348 1333 107 77 (de
1502 1333 293 66 bressol,
1846 1333 291 67 arrolos,
2184 1333 224 67 berce,

898 1496 236 46 nanas,
1174 1484 131 58 etc.,
1340 1476 209 72 según
1586 1474 99 60 las
1720 1473 353 77 regiones.)

773 1710 525 55 Esclarecimientos
1340 1709 168 55 sobre
1549 1709 52 54 la
1642 1710 159 68 copla
1843 1725 66 38 en
1950 1709 247 67 general,

862 1838 34 52 y
938 1824 167 54 sobre
1145 1825 160 52 estas
1347 1822 298 55 canciones
1686 1838 66 38 en
1794 1821 310 69 particular

664 2035 277 65 Impónese
970 2039 151 47 antes
1151 2036 66 50 de
1245 2039 275 61 presentar
1560 2050 133 36 unos
1722 2052 34 48 y
1785 2039 145 47 otros
1972 2039 204 57 cantos,
2222 2034 185 52 hablar

561 2120 65 50 de
654 2120 47 50 la
730 2120 153 65 copla
912 2134 63 35 en
1004 2120 215 64 general
1250 2136 33 48 y
1313 2120 66 50 de
1420 2120 76 50 las
1526 2120 241 50 distintas
1808 2120 173 50 clases
2018 2120 67 51 de
2126 2119 203 65 coplas.
2366 2119 41 50 Y

558 2204 158 50 sobre
742 2207 87 46 tan
862 2204 313 64 importante
1204 2204 216 50 materia
1449 2204 212 64 seguirá
1690 2204 49 49 lo
1770 2218 102 51 que
1899 2203 67 51 ha
2007 2204 193 51 escrito
2242 2218 64 36 «en
2337 2204 71 51 di-

558 2302 186 37 versas
773 2291 178 62 partes
981 2303 101 35 una
1110 2303 129 49 gran
1269 2288 277 50 autoridad
1574 2302 64 35 en
1668 2288 47 49 la
1744 2289 237 49 materia:
2016 2288 121 51 Don
2167 2287 237 52 Francis-

558 2387 62 36 co
649 2371 301 66 Rodriguez
978 2371 190 51 Marín.

663 2455 56 50 El
750 2456 195 65 pueblo
973 2471 150 36 narra
1152 2470 60 36 su
1242 2455 123 51 vida
1394 2460 181 46 entera
1616 2471 65 35 en
1724 2457 166 50 series
1920 2473 33 48 y
1982 2459 113 48 más
2136 2457 166 50 series
2343 2456 67 52 de

557 2540 183 65 coplas
770 2555 103 50 que
900 2541 136 50 nada
1064 2540 51 50 ni
1144 2540 155 51 nadie
1327 2541 200 64 podrán
1558 2544 204 61 agotar.
1799 2540 71 51 Es
1900 2555 65 47 un
1997 2541 231 64 ingénuo
2257 2544 147 47 auto-

556 2623 242 66 biógrafo
828 2624 66 51 de
922 2626 45 48 sí
994 2624 205 62 mismo,
1233 2640 33 49 y
1297 2638 153 36 como
1479 2639 68 36 no
1582 2624 122 50 «tira
1733 2640 29 34 a
1791 2627 290 62 engañar»,
2116 2639 133 50 pues

1082 2734 71 41 No
1186 2736 135 40 canta
1356 2746 175 40 porque
1566 2734 41 41 le
1641 2735 226 41 escuchen

556 2835 115 50 sino
712 2849 131 36 unas
884 2848 165 37 veces
1102 2848 231 51 «porque
1379 2837 116 47 está
1543 2834 234 65 alegre»,
1823 2839 142 46 otras
2014 2849 233 52 «porque
2286 2838 117 48 está

555 2919 176 50 triste»
765 2935 34 48 y
828 2922 141 48 otras
1016 2932 156 51 «para
1212 2922 251 60 espantar
1502 2933 92 35 sus
1636 2919 265 50 males...»
1949 2918 75 51 En.
2066 2934 169 48 suma,
2281 2933 128 52 para

556 3003 160 49 sentir
744 3017 61 36 su
834 3003 136 50 alma
997 3016 64 36 en
1088 3002 180 65 gracia
1297 3018 33 48 y
1360 3006 246 46 cantar...
1651 3017 204 51 porque
1896 3004 60 61 si,
1990 3018 67 36 no
2098 3003 67 51 ha
2205 3004 202 51 necesi-

555 3087 125 51 tado
708 3090 114 47 más
864 3101 102 51 que
1006 3086 47 50 la
1094 3087 173 64 copla,
1302 3101 102 50 que
1445 3086 81 51 del
1557 3088 226 49 corazón
1814 3087 132 51 sube
1987 3103 29 34 a
2047 3088 79 50 los
2155 3088 186 62 labios,
2374 3104 35 50 y

555 3186 64 35 en
649 3171 47 50 la
726 3186 154 35 mano
910 3185 101 36 una
1039 3171 250 64 guitarra,
1322 3169 244 52 modesta
1589 3187 34 48 y
1652 3171 231 50 solitaria
1912 3175 322 62 compañera
2264 3173 67 51 de
2361 3173 47 50 lo

557 3270 102 50 que
686 3270 136 47 ama,
856 3269 138 47 cree,
1029 3269 210 50 espera,
1272 3253 162 63 sufre,
1469 3255 274 61 aborrece,
1777 3256 303 65 perdona...

662 3339 249 62 ¿Inventó
952 3339 65 62 él,
1063 3339 45 50 el
1151 3339 213 65 pueblo,
1410 3339 47 50 la
1499 3339 171 65 copla:
1717 3340 46 50 la
1806 3340 156 62 halló,
2007 3355 182 47 acaso,
2234 3355 65 37 en
2340 3356 67 37 un

556 3424 483 65 desprendimiento
1069 3423 81 51 del
1180 3422 279 52 romance?
1493 3423 170 65 ¡Vaya
1692 3425 156 50 usted
1876 3440 29 34 a
1934 3424 175 52 saber!
2151 3424 111 52 Fué
2290 3440 117 51 pro-

556 3509 238 51 clamada
822 3523 95 50 por
945 3511 245 48 nuestros
1219 3507 283 52 escritores
1532 3507 66 52 de
1627 3507 79 51 los
1736 3508 166 65 siglos
1930 3526 81 34 xvi
2040 3525 34 49 y
2102 3526 116 35 xvu.
2264 3508 143 54 Con-

555 3593 239 64 jeturaba
822 3593 45 50 el
897 3607 129 51 gran
1048 3591 318 65 folklorista
1395 3592 259 51 sevillano
1697 3591 288 64 Machado,
2034 3608 105 51 que
2173 3595 48 50 la
2253 3595 155 66 copla

554 3692 90 36 era
672 3692 125 51 muy
826 3677 260 65 posterior
1115 3676 45 51 al
1190 3690 250 37 romance
1468 3690 65 36 en
1564 3676 47 50 la
1638 3675 215 52 historia
1882 3677 67 51 de
1980 3681 216 48 nuestra
2237 3679 170 51 litera-

554 3766 132 46 tura.
722 3761 104 51 Los
856 3762 283 51 escritores
1168 3761 82 51 del
1280 3760 137 65 siglo
1445 3777 100 46 xvi,
1581 3764 149 47 entre
1759 3765 164 58 otros,
1962 3761 137 63 Juan
2129 3762 156 64 Rufo,
2320 3764 87 51 lla-
