3158 4654
956 512 302 35 CANCIONERO
1302 512 203 35 MUSICAL
1547 511 213 35 POPULAR
1800 501 210 45 ESPAÑOL
2279 508 45 40 51

553 650 148 50 dista
730 655 101 46 etc.
867 651 55 49 El
953 655 218 61 compás
1202 651 64 50 de
1296 651 45 49 la
1372 650 190 50 Tirana
1592 665 59 34 es
1680 665 63 35 en
1791 651 51 54 Ys
1886 665 30 35 o
1945 665 64 35 en
2053 645 56 61 %/¿
2141 649 67 51 de
2236 650 168 50 movi-

556 737 192 48 miento
779 736 304 50 moderado.

659 819 82 49 He
781 822 121 61 aquí
943 834 152 35 como
1137 819 241 51 describe
1418 823 115 45 este
1573 819 136 50 baile
1749 819 44 48 el
1818 817 209 51 famoso
2069 818 204 49 notario
2316 817 82 50 Iza

550 903 300 60 Zamácola,
887 902 126 49 Don
1042 902 244 50 Preciso.
1327 902 101 50 «La
1468 902 218 60 Tirana,
1714 903 44 48 al
1791 916 138 51 poco
1959 917 101 49 que
2090 916 59 35 se
2179 902 225 50 cantaba

550 1001 95 35 con
677 987 235 64 coplillas
942 986 65 51 de
1036 1002 28 34 a
1094 996 179 41 cuatro
1305 1001 188 35 versos
1523 987 365 50 asonantados
1918 985 231 51 de'ocho
2178 986 217 61 sílabas,

550 1085 58 34 se
638 1071 206 49 bailaba
884 1085 96 36 con
1012 1085 64 35 un
1108 1074 219 61 compás
1369 1071 138 49 claro
1537 1087 32 47 y
1600 1070 337 60 demarcado,
1984 1069 259 51 haciendo
2274 1068 127 52 dife-

548 1158 176 45 rentes
768 1154 371 50 movimientos
1169 1170 28 33 a
1227 1170 65 33 un
1324 1155 119 49 lado
1473 1171 31 47 y
1535 1158 113 46 otro
1690 1169 96 35 con
1817 1154 45 49 el
1894 1168 215 51 cuerpo,
2155 1154 247 50 llevando

550 1239 74 48 las
666 1239 228 62 mujeres
936 1253 64 34 un
1041 1239 247 63 gracioso
1331 1239 218 63 juguete
1590 1253 96 35 con
1735 1238 44 49 el
1824 1238 226 51 delantal
2093 1238 44 50 al
2181 1241 221 61 compás

549 1322 64 50 de
656 1322 45 49 la
732 1323 216 59 música,
994 1322 45 49 al
1084 1337 131 49 paso
1258 1337 102 49 que
1402 1322 77 50 los
1521 1322 249 50 hombres
1812 1322 313 63 manejaban
2169 1337 61 35 su
2260 1336 139 36 som-

548 1406 150 50 brero
737 1421 30 33 o
796 1406 45 49 el
885 1406 227 64 pañuelo
1153 1421 27 34 a
1210 1406 306 62 semejanza
1546 1406 66 50 de
1653 1406 75 49 las
1759 1406 254 50 nociones
2056 1420 102 50 que
2187 1420 213 36 conser-

549 1504 187 35 vamos
785 1490 65 49 de
898 1490 76 49 los
1022 1490 165 50 bailes
1235 1491 66 49 de
1349 1490 75 49 las
1477 1490 246 64 antiguas
1769 1490 299 64 gaditanas.
2122 1489 280 51 Habiendo

548 1574 341 63 degenerado
943 1574 45 49 el
1042 1574 136 50 baile
1229 1589 63 34 en
1349 1574 289 63 libertinaje
1690 1573 88 51 fué
1839 1574 311 50 desterrado
2204 1575 66 49 de
2323 1574 78 49 los

547 1672 202 34 saraos.
799 1656 89 52 Sin
919 1657 501 65 embargo—añade
1461 1657 127 50 Don
1629 1657 427 64 Preciso—bajo
2097 1658 45 49 el
2184 1658 219 51 nombre

547 1741 215 63 general
794 1742 66 49 de
898 1741 198 50 Tirana
1139 1742 264 64 siguieron
1435 1742 78 49 los
1550 1740 329 52 aficionados
1921 1758 33 49 y
1983 1742 233 50 músicos
2261 1757 139 35 com-

548 1825 265 64 poniendo
855 1826 236 49 multitud
1132 1826 66 50 de
1238 1826 281 50 canciones
1549 1826 44 49 al
1636 1826 152 49 estilo
1830 1826 66 50 de
1925 1826 45 50 la
2021 1825 200 50 Tirana
2263 1840 126 50 para

548 1923 85 35 ser
661 1909 393 64 acompañadas
1084 1924 97 36 con
1212 1910 45 49 la
1285 1911 294 62 guitarra...
1615 1909 231 51 Pasaron
1876 1910 224 64 algunas
2130 1925 28 35 a
2188 1910 208 51 Peters-

546 1993 186 63 burgo,
768 1993 165 51 Viena
962 2010 33 48 y
1025 1997 140 46 otras
1208 1997 191 57 cortes,
1435 1994 176 50 donde
1640 1994 45 49 el
1717 1994 209 51 célebre
1969 1998 230 46 maestro
2241 2009 154 50 espa-

549 2077 83 49 ñol
664 2076 117 51 Don
813 2077 220 50 Vicente
1063 2077 190 50 Martín
1285 2078 116 49 hizo
1430 2077 283 51 fanatismo
1752 2079 440 50 intercalándolas
2226 2094 65 35 en
2323 2079 76 50 las

547 2163 245 62 óperas.
752 2159 36 70 »

651 2244 136 50 Paso
818 2260 94 49 por
952 2246 106 49 alto
1088 2249 141 46 otras
1271 2246 267 50 variantes
1580 2247 65 49 de
1686 2246 46 50 la
1762 2246 261 65 Playera,
2057 2262 30 35 o
2118 2247 46 50 la
2204 2246 190 66 Segui-

545 2327 134 51 dilla
734 2331 222 62 gitana,
1001 2344 124 50 para
1168 2330 163 63 llegar
1372 2334 187 61 pronto
1600 2346 29 33 a
1678 2331 45 49 la
1771 2332 360 64 composición
2180 2333 215 50 métrica

545 2413 65 50 de
662 2413 74 50 las
777 2411 340 66 Seguidillas
1169 2428 101 51 que
1322 2418 219 46 constan
1585 2415 65 50 de
1691 2419 181 46 cuatro
1926 2430 190 36 versos
2170 2430 64 36 en
2289 2431 103 50 que

547 2497 44 49 el
623 2502 179 45 cuarto
843 2512 59 35 es
931 2501 260 46 asonante
1232 2498 80 50 del
1355 2499 263 64 segundo,
1666 2499 79 50 los
1786 2500 180 50 cuales
2007 2514 96 36 son
2140 2500 65 51 de
2247 2501 147 51 cinco

545 2581 195 50 sílabas
770 2598 32 48 y
831 2582 44 49 el
907 2582 223 64 primero
1159 2598 35 48 y
1221 2586 204 46 tercero
1455 2583 66 50 de
1550 2583 151 50 siete.
1737 2583 102 50 Las
1869 2583 104 66 hay
2003 2599 97 36 con
2143 2584 252 52 estribillo

545 2682 32 48 y
606 2666 76 48 sin
713 2666 64 49 él.
823 2666 177 50 Véase
1041 2681 100 35 una
1184 2670 230 46 muestra
1456 2667 66 50 de
1551 2667 76 50 las
1669 2668 271 64 primeras,
1987 2669 223 65 copiada
2256 2670 66 50 de
2351 2669 45 50 la

550 2747 294 52 Colección
886 2748 68 51 de
991 2748 348 66 seguidillas,
1384 2752 219 48 tiranas
1636 2767 38 48 y
1709 2752 187 63 polos,
1940 2753 81 50 del
2053 2753 173 51 citado
2270 2752 128 51 Don

545 2832 248 51 Preciso:

1136 2943 63 41 Mi
1225 2943 156 42 madre
1405 2957 70 29 me
1498 2945 56 41 ha
1578 2945 226 42 mandado

1133 3026 87 40 que
1244 3026 59 29 no
1328 3017 46 39 te
1399 3014 173 52 quiera,

1135 3097 27 39 y
1185 3096 59 40 yo
1269 3084 42 41 le
1336 3084 359 53 digo,—madre,

1140 3154 50 48 ¡si
1217 3153 136 42 usted
1376 3154 43 42 la
1444 3155 203 42 viera!
1603 3149 20 59 —

1134 3292 168 53 Quedó
1327 3298 201 40 tamaña:

1136 3378 27 39 y
1187 3364 324 44 mordiéndose
1536 3367 40 40 el
1604 3367 121 42 labio

1133 3435 131 52 dijo:
1268 3431 303 62 —¡Caramba!

649 3562 83 51 He
777 3566 122 63 aquí
938 3579 101 35 una
1087 3568 231 47 muestra
1361 3566 66 50 de
1473 3566 76 50 las
1597 3567 292 65 segundas,
1942 3582 63 36 en
2049 3569 45 50 la
2136 3571 113 50 cual
2291 3570 104 67 hay

543 3661 65 36 un
651 3649 369 63 pensamiento
1063 3649 361 51 desarrollado
1466 3654 113 47 más
1619 3653 149 49 tarde
1807 3653 172 64 ¡quién
2024 3654 48 50 lo
2114 3655 145 50 diría!
2316 3671 79 35 re-

545 3732 108 64 pito
683 3747 94 49 por
819 3732 188 51 Heine:
