3158 4654
704 522 53 41 54
1339 524 149 35 FELIPE
1528 524 196 34 “PEDREEL

636 663 65 50 de
730 677 172 47 verse;
947 679 33 48 y
1010 662 64 50 he
1103 662 65 51 de
1207 658 178 54 añadir
1425 675 102 51 que
1555 664 115 47 esta
1708 660 143 51 clase
1891 660 66 50 de
1986 659 183 65 coplas
2211 658 256 51 bailables

636 746 48 50 lo
731 747 183 49 mismo
961 761 101 50 que
1108 747 75 48 las
1231 748 276 62 presentes
1555 744 395 63 Malagueñas,
2006 744 76 49 las
2127 741 338 62 Sevillanas,

635 828 299 51 Rondeñas
972 846 32 48 y
1046 833 140 46 otras
1228 830 179 63 piezas
1454 843 94 49 por
1584 828 53 50 el
1680 828 153 49 estilo
1876 827 319 51 descienden
2238 827 81 50 del
2359 827 109 63 tipo

634 914 246 63 genérico
909 911 331 65 Fandango,
1284 927 65 35 no
1378 910 456 53 diterenciándose
1867 915 147 46 entre
2054 913 45 47 sí
2127 913 113 47 más
2270 924 102 50 que
2400 924 63 35 en

600 997 79 49 el
726 1001 144 56 tono,
921 997 221 63 algunas
1195 996 263 49 variantes
1504 1010 63 35 en
1616 995 77 50 los
1740 996 241 60 acordes,
2033 1009 63 35 en
2146 995 74 49 las
2266 992 197 51 formas

636 1083 411 61 acompañantes
1100 1079 345 64 rasgueadas,
1503 1079 293 64 punteadas
1838 1094 30 35 o
1914 1079 184 50 ambas
2141 1092 156 36 cosas
2345 1093 29 34 a
2422 1078 44 49 la

637 1178 117 45 vez,
787 1177 31 36 o
845 1178 63 35 en
939 1166 142 47 otros
1110 1163 219 50 detalles
1366 1163 66 50 de
1459 1177 134 50 poca
1623 1166 177 47 monta
1840 1163 107 50 casi
1977 1163 226 64 siempre
2245 1161 221 52 debidos

637 1262 28 34 a
695 1248 46 48 la
768 1247 248 50 tradición
1046 1246 151 51 local.

739 1329 124 64 310)
938 1330 137 64 Algo
1106 1333 110 47 más
1244 1329 66 50 he
1338 1330 65 50 de
1431 1330 139 50 decir
1592 1329 80 51 del
1702 1328 296 66 fragmento
2027 1330 66 50 de
2121 1328 342 65 Malagueña

639 1428 101 51 que
778 1416 120 62 aquí
936 1417 246 61 presento
1223 1428 96 36 con
1357 1428 60 35 su
1457 1414 229 63 genuino
1726 1414 493 64 acompañamiento
2264 1413 66 50 de
2357 1413 110 63 gui-

641 1501 153 57 tarra,
845 1497 355 64 composición
1248 1497 80 51 del
1371 1497 296 63 guitarrista
1707 1497 221 64 popular
1966 1496 280 51 Francisco
2287 1496 178 50 Rodri-

641 1595 138 50 guez
818 1581 272 50 Murciano
1131 1595 101 50 que
1272 1581 207 64 publicó
1520 1581 44 49 el
1595 1584 230 46 maestro
1854 1580 225 65 Incenga
2120 1595 63 35 en
2214 1595 101 35 una
2354 1581 115 49 titu-

637 1665 114 50 lada
797 1662 291 53 Colección
1129 1663 68 52 de
1223 1666 149 48 aires
1402 1665 303 63 populares
1733 1679 146 49 para
1914 1667 257 61 guitarra
2214 1662 252 65 (Madrid,

631 1748 47 62 J.
714 1746 192 52 Castro
935 1764 33 49 y
999 1746 226 66 Campo,
1259 1745 191 65 editor)
1481 1748 281 64 precedida
1793 1748 65 51 de
1887 1762 99 36 una
2028 1746 365 51 Advertencia
2433 1764 32 48 y

637 1847 100 35 una
766 1831 286 64 Biografía
1081 1832 80 51 del
1193 1832 246 51 mentado
1478 1832 317 64 guitarrista,
1841 1830 218 52 firmada
2102 1846 93 50 por
2222 1832 45 49 el
2299 1846 168 35 maes-

637 1920 76 46 tro
755 1915 65 50 D.
853 1915 239 50 Matiano
1131 1916 269 64 Vazquez,
1446 1930 102 50 que
1587 1919 238 47 extracto
1866 1931 28 34 a
1924 1916 383 60 continuación,
2353 1929 116 51 por-

638 2014 101 50 que
783 2014 63 35 en
893 1999 229 51 realidad
1168 2001 65 49 de
1273 1999 199 51 verdad
1518 1999 45 50 el
1610 2000 297 63 guitarrista
1954 1999 66 51 de
2069 2014 102 50 que
2216 2013 59 36 se
2313 2002 153 58 trata,

638 2083 179 50 señala
846 2098 100 35 una
984 2082 274 52 influencia
1300 2083 228 64 positiva
1557 2097 63 36 en
1664 2083 46 49 la
1739 2097 203 37 carrera
1972 2083 80 50 del
2095 2083 208 51 célebre
2332 2098 134 35 com-

638 2167 198 65 positor
862 2181 122 36 ruso
1031 2166 199 65 Miguel
1275 2165 211 62 Glinka,
1514 2183 33 48 y
1593 2181 63 35 en
1687 2167 45 49 el
1780 2167 290 50 desarrollo
2110 2165 174 51 futuro
2332 2167 65 50 de
2426 2166 47 50 la

639 2250 440 50 nacionalización
1110 2249 79 51 del
1221 2253 111 46 arte
1359 2265 141 46 ruso,
1546 2265 101 50 que
1675 2253 174 47 tantas
1890 2249 294 52 afinidades
2225 2254 247 60 presenta

638 2348 96 36 con
764 2348 101 35 una
899 2334 172 50 buena
1100 2336 147 62 parte
1287 2334 65 50 de
1380 2334 76 49 las
1499 2333 361 51 modalidades
1902 2334 66 50 de
1996 2334 181 64 origen
2225 2335 65 49 de
2318 2332 152 52 nues-

638 2420 76 46 tra
742 2417 224 51 melodía
1003 2417 236 64 popular,
1284 2416 168 51 hecho
1497 2431 102 51 que
1627 2432 66 35 no
1722 2416 64 51 ha
1828 2418 203 64 pasado
2072 2418 402 64 desapercibido

639 2516 28 34 a
696 2500 155 65 algún
882 2501 175 50 crítico
1086 2501 269 61 moderno,
1388 2517 33 48 y
1449 2516 63 34 en
1543 2502 189 63 primer
1763 2501 147 63 lugar
1949 2515 84 36 me
2061 2501 306 65 complazco
2408 2516 63 35 en

641 2585 125 50 citar
794 2584 44 50 al
868 2587 157 47 señor
1055 2584 253 51 Mauricio
1338 2584 298 62 Touchard,
1682 2585 66 50 de
1777 2585 152 64 quien
1959 2584 66 50 he
2065 2586 314 50 comentado
2408 2600 65 35 un

640 2668 189 50 escrito
863 2683 134 50 suyo
1025 2683 63 34 en
1130 2669 45 49 el
1205 2669 163 50 breve
1408 2668 239 51 Proemio
1677 2683 101 50 que
1816 2667 169 66 figura
2026 2669 45 50 al
2101 2670 273 49 comienzo
2405 2669 66 51 de

640 2755 116 46 este
783 2755 162 46 tomo.
980 2749 78 65 (1)

743 2834 56 51 F.
834 2835 296 64 Rodriguez
1160 2832 68 66 (el
1260 2833 298 65 Murciano)
1588 2836 149 50 nació
1765 2850 63 35 en
1861 2834 249 53 Granada
2138 2850 63 36 en
2231 2836 45 50 el
2302 2837 171 50 barrio

642 2919 79 50 del
764 2918 234 52 Albaicín
1039 2920 46 49 el
1126 2922 101 46 año
1274 2919 65 50 de
1390 2917 149 53 1795.
1592 2918 129 51 Ala
1768 2920 137 50 edad
1945 2920 66 50 de
2051 2921 147 50 cinco
2240 2923 131 47 años
2411 2936 67 49 ya

642 3003 221 50 llamaba
892 3003 46 49 la
967 3004 239 49 atención
1237 3003 65 50 de
1330 3006 220 47 cuantos
1581 3003 47 49 le
1656 3005 117 48 oían
1805 3007 146 46 tocar
1979 3018 64 35 un
2085 3004 286 64 guitarrillo
2412 3004 66 51 de

642 3086 78 50 los
750 3086 253 50 llamados
1032 3086 176 65 típles.
1242 3086 182 50 Desde
1452 3090 256 47 entonces
1738 3086 187 51 mucho
1959 3090 112 47 más
2112 3102 102 50 que
2242 3103 15 35 a
2300 3087 46 50 la
2375 3088 102 51 lec-

640 3174 111 45 tura
780 3186 33 48 y
841 3185 29 34 a
899 3170 45 49 la
973 3170 249 50 escritura
1251 3184 101 50 que
1380 3184 60 36 se
1478 3170 47 50 le
1553 3171 269 50 enseñaba
1863 3185 63 35 en
1958 3171 43 50 la
2031 3172 213 50 escuela
2285 3172 66 50 de
2379 3172 97 65 pri-

642 3268 169 35 meras
841 3253 155 50 letras
1025 3268 58 35 se
1113 3254 253 50 dedicaba
1396 3268 95 50 por
1520 3254 268 64 completo
1829 3270 29 34 a
1887 3269 61 36 su
1991 3255 343 51 instrumento
2364 3270 113 51 pre-

642 3338 206 50 dilecto.
884 3338 172 49 Tanto
1085 3352 58 35 es
1172 3339 78 48 así
1278 3352 101 50 que
1418 3338 280 50 abandonó
1729 3338 44 50 la
1803 3339 212 50 escuela
2056 3354 126 50 para
2211 3343 266 61 entregar-

643 3436 59 35 se
742 3422 81 50 del
864 3423 126 49 todo
1032 3437 28 34 a
1107 3436 61 35 su
1210 3422 150 50 única
1401 3420 208 63 afición,
1661 3422 45 50 la
1746 3423 247 64 guitarra.
2038 3422 83 52 No
2163 3424 150 64 quiso
2353 3427 127 47 tam-

642 3520 136 50 poco
806 3506 229 50 estudiar
1064 3506 45 49 la
1138 3506 215 59 música,
1392 3507 369 50 conservando
1790 3509 79 47 así
1908 3507 124 51 toda
2063 3522 62 36 su
2154 3508 122 50 vida
2317 3508 161 51 cierta

640 3587 244 64 fantasía,
916 3590 41 49 si
998 3604 67 36 no
1093 3589 205 64 salvaje
1326 3589 407 64 independiente
1760 3593 86 47 tan
1872 3590 134 51 llena
2035 3591 66 51 de
2127 3589 165 67 fuego
2322 3607 154 36 como

725 3768 63 53 (1)
847 3769 154 42 Véase
1025 3768 220 43 ArénpICE
1268 3783 50 28 1,
1349 3769 163 43 Glinka
1532 3782 54 30 en
1613 3768 233 44 Granada.
