3158 4654
819 562 53 40 54
1475 565 149 33 FELIPE.
1664 563 196 34 PEDRELL

750 703 204 50 cuando
995 718 68 49 yo
1110 702 179 63 dirigía
1334 703 44 48 la
1420 703 193 48 revista
1660 701 327 49 /lustración
2029 699 239 51 Musical
2304 699 277 63 Hispano-

749 784 351 62 Americana,
1144 786 183 50 siendo
1356 786 279 63 recogidos
1677 800 92 49 por
1797 785 44 49 el
1873 785 183 48 mismo
2086 787 166 57 autor,
2286 784 43 49 el
2363 784 221 64 primero

750 867 162 65 (núm.
945 867 55 65 8)
1043 884 63 34 en
1148 869 174 50 Palma
1364 869 65 50 de
1458 869 270 59 Mallorca,
1773 885 32 47 y
1846 868 44 49 el
1932 868 243 64 segundo
2217 865 163 64 (núm.
2424 864 55 65 9)
2521 881 63 35 en

751 952 271 51 Manacor.

855 1036 215 51 Merece
1099 1040 322 47 extractarse
1450 1036 121 64 algo
1601 1036 65 50 de
1695 1036 46 49 lo
1771 1050 101 50 que
1902 1036 147 49 decía
2079 1035 43 49 el
2156 1035 163 63 pobre
2362 1033 214 64 Nogue-

750 1135 52 34 ra
831 1135 62 34 en
924 1135 61 35 su
1015 1121 166 50 citada
1214 1119 266 50 Memoria
1504 1134 184 36 acerca
1719 1120 64 49 de
1806 1123 116 45 este
1949 1120 200 62 género
2179 1118 65 50 de
2282 1118 298 58 canciones,

750 1218 101 35 uno
881 1204 65 50 de
975 1204 77 49 los
1083 1208 110 45 más
1222 1204 408 63 genuinamente
1658 1203 417 50 característicos
2100 1203 64 49 de
2197 1202 76 49 las
2304 1202 140 49 islas:
2485 1201 101 49 «La

751 1287 224 50 melodía
1016 1288 65 49 de
1110 1288 77 49 los
1235 1289 376 47 vou-verí-verí
1660 1285 178 52 difiere
1897 1286 305 50 muchísimo
2250 1286 64 49 de
2367 1289 218 47 cuantas

750 1372 280 49 canciones
1061 1385 220 36 cuneras
1312 1385 337 45 conocemos,
1695 1371 247 62 aventaja
1972 1385 28 33 a
2028 1369 154 50 todas
2217 1383 62 35 en
2323 1369 146 50 valor
2509 1383 74 35 ar-

748 1455 190 60 tístico,
984 1471 31 47 y
1057 1455 47 49 lo
1134 1469 101 50 que
1276 1455 180 63 pierde
1497 1468 62 35 en
1603 1454 247 50 sencillez
1894 1453 236 60 relativa,
2179 1468 64 34 no
2285 1453 193 49 resulta
2520 1467 62 35 en

754 1539 246 63 perjuicio
1042 1538 78 50 del
1170 1538 177 62 objeto
1383 1553 28 34 a
1441 1552 101 50 que
1583 1553 58 34 se
1682 1538 44 48 la
1770 1537 267 50 destina...
2085 1536 55 50 El
2189 1538 389 59 vou-verí-vou,

750 1637 62 34 en
861 1637 165 45 suma,
1072 1637 58 34 es
1160 1625 143 46 tanto
1339 1625 110 46 más
1492 1622 317 49 interesante
1849 1624 190 47 cuanto
2082 1635 100 50 que
2210 1635 58 35 es
2311 1620 46 49 la
2398 1634 185 50 expre-

753 1706 111 49 sión
894 1705 284 50 abreviada
1208 1706 64 49 de
1306 1705 44 49 la
1381 1705 192 50 música
1599 1706 429 62 genuinamente
2054 1704 356 64 mallorquina,
2445 1718 134 49 cuya

754 1793 121 45 nota
903 1789 162 49 tierna
1095 1803 28 34 e
1154 1789 130 49 ideal
1315 1803 58 34 es
1402 1803 60 34 su
1498 1789 437 49 característica.
1896 1785 36 72 »

862 1872 76 60 10;
1002 1872 50 50 11
1113 1889 31 47 y
1191 1872 83 62 12):
1353 1872 99 49 Las
1505 1876 105 45 :tres
1664 1872 279 49 canciones
1997 1872 63 49 de
2113 1887 149 45 cuna,
2321 1886 100 49 que
2474 1885 111 50 pre:

750 1960 151 46 sento
943 1959 136 61 aquí,
1129 1955 183 50 fueron
1355 1956 148 50 oídas
1545 1970 93 49 por
1678 1958 67 46 mí
1784 1971 28 33 a
1842 1956 63 48 mi
1949 1956 162 48 tierna
2152 1972 32 47 y
2225 1959 150 45 santa
2405 1955 177 50 madre

750 2037 73 66 (q.
855 2055 53 49 g.
940 2037 101 66 8.),
1075 2056 31 48 y
1135 2039 262 63 grabadas
1427 2054 62 34 en
1522 2040 43 48 la
1595 2039 247 49 memoria
1870 2039 206 63 gracias
2106 2054 28 34 a
2166 2039 43 49 la
2239 2039 227 64 práctica
2495 2038 80 51 del

750 2124 206 50 dictado
998 2124 212 49 musical
1253 2139 28 33 a
1311 2139 100 48 que
1453 2139 81 33 me
1575 2124 354 59 acostumbró,
1976 2123 166 50 desde
2182 2123 136 50 edad
2367 2122 212 61 infantil,

752 2208 63 48 mi
858 2211 249 57 maestro,
1140 2206 291 61 formando,
1466 2208 74 48 sin
1572 2207 225 60 saberlo,
1833 2221 63 34 un
1919 2205 316 64 folklorista
2265 2207 316 64 anticipado,

751 2305 154 36 como
948 2291 470 50 verdaderamente
1459 2290 47 50 lo
1535 2289 90 61 fuí,
1660 2291 75 48 sin
1778 2294 326 60 percatarme
2133 2291 65 49 de
2238 2290 120 50 ello.
2404 2290 74 50 En
2510 2291 75 49 las

748 2375 227 63 páginas
1005 2375 64 50 de
1095 2372 293 66 Jornadas
1426 2374 68 49 de
1533 2378 120 45 arte
1692 2374 64 49 he
1796 2374 276 64 explicado
2101 2375 135 48 ésto.
2283 2374 41 50 Y
2353 2374 229 61 añadiré,

752 2458 178 61 ahora,
977 2473 101 50 que
1106 2458 103 64 hijo
1251 2459 242 63 segundo
1523 2458 64 50 de
1629 2472 278 35 numerosa
1936 2457 212 61 familia,
2194 2461 180 62 recogí
2402 2459 64 50 de
2508 2459 78 50 los

748 2542 168 51 labios
947 2542 64 51 de
1052 2543 64 49 mi
1147 2543 196 59 madre,
1390 2542 64 50 de
1483 2542 204 64 aquella
1730 2557 59 34 su
1821 2543 238 49 vocecita
2089 2543 137 49 clara
2266 2559 33 48 y
2327 2543 117 50 bien
2474 2544 110 48 tim-

747 2626 178 61 brada,
970 2641 208 50 aunque
1207 2641 65 34 no
1301 2627 155 59 recia,
1502 2627 46 48 ni
1579 2625 187 51 mucho
1796 2640 203 47 menos,
2045 2641 126 49 pero
2201 2641 122 50 muy
2352 2625 226 62 afinada,

747 2712 179 62 recogí
964 2710 126 50 todo
1133 2725 63 34 un
1241 2713 242 61 pequeño
1525 2711 311 49 cancionero
1875 2710 65 50 de
1980 2714 241 46 cantares
2262 2725 101 50 que
2402 2725 69 50 yo
2502 2711 80 50 iba

747 2794 258 64 copiando
1047 2795 244 48 mientras
1334 2794 77 49 los
1452 2794 278 63 ejecutaba
1772 2808 124 49 para
1937 2794 305 51 adormecer
2284 2810 28 33 a
2341 2795 94 49 mis
2469 2794 111 50 her-

750 2879 221 49 manitos
1014 2893 259 45 menores,
1318 2878 300 50 tomándola
1660 2893 151 35 como
1852 2878 229 64 ejemplo
2111 2879 124 49 vivo
2278 2878 64 50 de
2372 2879 207 51 dictado

747 2962 211 50 musical
988 2979 33 47 y
1049 2962 297 50 realizando
1394 2962 75 49 las
1513 2962 225 64 pruebas
1769 2977 29 34 o
1834 2962 273 62 ejercicios
2156 2976 99 50 que
2302 2977 82 35 me
2424 2962 153 52 había

746 3046 322 63 aconsejado
1110 3047 63 48 mi
1216 3050 245 45 maestro.
1510 3045 156 50 Entre
1706 3046 237 64 aquellos
1985 3050 240 46 cantares
2267 3047 306 51 sobresalen

749 3129 74 50 las
854 3134 104 45 tres
989 3131 280 49 canciones
1299 3130 65 50 de
1393 3145 131 35 cuna
1554 3130 255 50 aludidas.

850 3213 73 50 En
974 3215 61 48 mi
1079 3214 254 64 opúsculo
1376 3213 112 50 Por
1524 3214 237 49 Nuestra
1808 3213 216 51 Música
2069 3212 246 67 (primera
2356 3215 224 62 edición,

747 3299 193 63 página
968 3295 91 65 94)
1101 3299 44 48 al
1176 3298 178 50 hablar
1395 3299 65 49 de
1489 3299 78 48 los
1608 3301 169 46 temas
1818 3299 315 64 expresivos
2175 3300 309 50 contenidos
2519 3315 62 35 en

743 3382 44 49 el
817 3386 266 46 racconto
1112 3383 65 50 de
1200 3383 62 49 mi
1288 3382 231 64 Trilogía
1547 3382 109 49 Los
1684 3382 250 50 Pirineos
1962 3380 218 65 (escena
2205 3383 61 61 V,
2300 3385 194 50 cuadro
2520 3382 61 66 Il)

746 3466 206 64 indiqué
982 3466 45 49 la
1057 3467 348 64 procedencia
1434 3483 32 48 y
1495 3465 497 52 transtormaciones
2022 3468 65 49 de
2116 3468 78 49 los
2225 3468 213 50 mismos
2481 3484 101 49 que

744 3550 44 49 la
818 3550 207 50 marcha
1055 3550 65 51 de
1151 3551 46 49 la
1226 3551 198 60 acción,
1460 3551 77 49 los
1567 3554 295 47 caracteres
1893 3552 65 49 de
1986 3552 78 49 los
2094 3553 312 63 personajes
2441 3570 34 48 y
2504 3553 76 50 las

746 3634 318 50 situaciones
1112 3634 82 51 del
1242 3635 176 49 drama
1466 3649 82 35 me
1597 3635 252 50 invitaron
1893 3651 27 33 a
1969 3636 253 50 inventar.
2274 3636 184 51 Todos
2505 3638 78 50 los

745 3718 542 50 desenvolvimientos
1353 3719 287 51 melódicos
1693 3735 32 48 y
1778 3720 414 50 consecuencias
2250 3720 330 52 harmónicas

746 3802 82 50 del
866 3802 172 50 citado
1076 3806 268 46 racconto
1385 3803 263 64 proceden
1691 3802 64 51 de
1796 3804 45 48 la
1882 3803 338 52 melancólica
2262 3806 214 50 canción
2518 3806 66 51 de
