3158 4654
803 489 50 41 AS
1462 492 148 33 FELIPE
1651 489 197 34 PEDRELL

736 631 75 50 las
842 631 301 59 corrandas,
1176 629 173 60 folías,
1384 629 304 59 codoladas,
1728 627 180 60 alalás,
1954 627 254 59 soleares,
2254 626 309 64 soleatriyas,

735 716 227 62 alegrías
993 712 175 65 (copla
1198 729 121 49 muy
1362 713 242 64 parecida
1634 728 27 33 a
1692 712 74 49 las
1798 712 134 48 cíuri
1958 725 29 35 o
2009 710 130 63 fiorí
2164 710 65 50 de
2259 708 171 52 Sicilia
2472 724 100 50 que

734 799 113 49 sólo
876 799 139 48 tiene
1045 798 96 49 dos
1173 812 186 35 versos
1389 796 358 50 asonantados
1778 810 29 34 o
1837 794 509 62 aconsonantados),
2380 797 100 47 etc.
2530 792 39 50 Y

734 882 166 62 mejor
947 895 99 50 que
1094 881 163 62 mejor
1303 882 40 47 si
1398 879 275 65 quedaban
1722 878 313 65 suprimidos
2086 878 64 50 de
2197 893 100 34 una
2346 892 100 35 vez
2494 877 77 49 los

734 967 439 61 busca-orígenes
1215 965 65 49 de
1310 965 77 48 los
1417 968 184 46 cantos
1645 979 31 48 y
1706 963 197 49 danzas
1939 962 80 50 del
2051 961 210 64 pueblo,
2309 976 99 49 que
2437 976 133 34 rara-

734 1053 175 45 mente
939 1049 77 48 los
1046 1049 172 48 tienen
1249 1048 46 48 ni
1326 1047 287 50 necesitan.

839 1131 151 64 ¿Hay
1019 1146 126 35 cosa
1188 1134 110 46 más
1328 1130 229 60 ridícula,
1605 1144 92 50 por
1726 1129 246 68 ejemplo,
2019 1143 102 50 que
2149 1129 189 50 buscar
2367 1129 77 49 los
2476 1130 95 48 orí-

738 1230 169 48 genes
937 1215 64 50 de
1031 1216 45 47 la
1105 1215 166 50 danza
1313 1214 212 63 antigua
1557 1214 324 63 principesca
1923 1213 65 49 de
2017 1213 46 48 la
2098 1209 289 64 Chacona,
2431 1226 63 35 en
2525 1212 44 49 el

734 1299 225 64 apellido
989 1299 64 49 de
1084 1313 99 34 una
1221 1312 151 34 moza
1404 1297 277 49 nominada
1713 1297 44 48 la
1789 1294 239 61 Chacón;
2074 1312 32 48 y
2136 1296 78 49 los
2243 1296 66 50 de
2338 1296 45 49 la
2414 1295 155 50 Zara-

733 1383 171 49 banda
946 1396 62 35 en
1040 1396 99 35 una
1181 1396 142 34 mora
1366 1379 191 64 (¡mora
1587 1380 152 50 había
1781 1381 64 49 de
1874 1381 131 60 ser!)
2048 1394 121 49 muy
2210 1380 253 50 conocida
2505 1394 63 35 en

734 1466 44 49 el
809 1466 167 50 barrio
1008 1480 100 49 que
1137 1464 261 60 habitaba,
1434 1464 220 50 llamada
1686 1462 148 61 Sara,
1868 1478 62 34 en
1960 1462 52 50 té
2042 1463 64 50 de
2148 1464 47 48 lo
2225 1464 111 49 cual
2380 1478 59 34 se
2468 1464 99 49 cita

731 1549 43 49 al
830 1549 303 49 mismísimo
1182 1548 309 50 historiador
1544 1547 53 49 P.
1650 1547 255 59 Mariana,
1958 1561 100 49 que
2111 1546 45 50 la
2203 1547 237 59 nombra,
2492 1547 76 49 sin

730 1632 178 50 hablar
936 1633 64 50 de
1030 1634 263 61 orígenes,
1328 1646 93 49 por
1450 1634 276 61 supuesto,
1761 1630 352 50 abominando
2139 1630 65 50 de
2236 1630 45 49 la
2310 1630 67 49 tal
2409 1630 155 49 Zara-

730 1716 171 50 banda
948 1716 203 49 cuando
1193 1715 65 50 de
1303 1729 167 49 grave
1510 1731 32 47 y
1590 1714 235 49 solemne
1866 1728 101 50 que
1996 1729 87 34 era
2126 1718 169 56 antes,
2339 1729 57 35 se
2423 1715 146 49 trocó

730 1814 63 34 en
837 1797 310 52 licenciosa?
1195 1798 117 61 ¡Así
1353 1798 264 64 quedaran
1660 1798 314 64 suprimidos
2016 1797 78 50 los
2128 1798 441 64 busca-orígenes

732 1897 101 50 que
876 1883 44 49 le
951 1882 97 50 han
1091 1882 166 50 salido
1299 1897 27 33 a
1357 1882 44 49 la
1436 1881 141 61 Jota!
1634 1880 152 50 Verbí
1817 1883 212 61 gratía,
2078 1892 82 49 ¡un
2199 1882 238 50 inventor
2465 1882 103 49 ale-

733 1965 158 62 mán!,
942 1968 79 47 así
1066 1980 151 35 como
1265 1980 183 46 suena;
1501 1980 64 34 un
1609 1965 162 64 pobre
1820 1979 211 35 morazo
2079 1965 65 50 de
2190 1980 118 48 paz,
2356 1980 102 50 que
2504 1966 65 50 de

731 2049 247 50 Valencia
1008 2050 130 63 pasó
1168 2049 305 50 desterrado
1503 2064 93 33 a...
1633 2046 318 66 Calatayud,
1998 2065 32 47 y
2060 2048 84 50 allí
2173 2063 125 50 para
2327 2049 243 50 consolar

728 2147 90 35 sus
847 2132 321 60 aflicciones,
1202 2147 255 50 compuso
1488 2133 44 49 la
1564 2147 144 45 cosa,
1743 2135 167 61 según
1942 2133 178 63 quiere
2149 2147 101 35 una
2279 2133 153 64 copla
2462 2147 102 50 que

729 2217 46 48 le
803 2217 201 50 ocurrió
1033 2216 44 49 al
1110 2217 183 63 propio
1324 2216 288 50 cosechero
1650 2231 101 49 que
1780 2231 59 34 se
1868 2216 45 49 la
1942 2217 129 49 sacó
2112 2216 66 51 de
2207 2216 46 50 la
2283 2217 278 50 mollera...

836 2299 131 50 Pero
997 2310 59 50 ¿a
1085 2301 101 63 qué
1216 2303 111 46 más
1357 2300 280 50 detenerse
1665 2314 62 35 en
1758 2303 144 46 estas
1931 2300 263 50 sandeces
2219 2315 101 49 que
2351 2301 211 50 inventa

730 2383 45 49 la
824 2382 329 65 ignorancia?
1201 2383 161 49 Baste
1408 2398 96 35 con
1553 2383 156 59 decir,
1760 2399 32 48 y
1840 2384 209 63 repetir,
2093 2385 366 62 acompañado
2502 2385 65 50 de

729 2466 299 65 Rodriguez
1057 2466 187 61 Marin,
1280 2481 101 50 que
1409 2468 44 48 el
1487 2481 100 50 que
1616 2467 210 49 inventa
1856 2482 59 34 es
1945 2481 127 49 pura
2105 2483 33 48 y
2167 2468 395 51 sencillamente

729 2551 45 48 el
805 2550 102 64 hijo
949 2551 81 50 del
1073 2550 208 64 pueblo.
1334 2548 313 53 «Cantando
1688 2551 233 64 aprende
1962 2566 28 34 a
2032 2566 145 35 rezar
2216 2568 33 47 y
2290 2567 29 34 a
2362 2552 122 61 leer,
2531 2569 33 48 y

726 2634 260 50 cantando
1015 2635 176 63 juega,
1225 2650 51 48 y,
1310 2635 204 49 cuando
1545 2634 136 64 llega
1711 2635 45 49 la
1785 2635 268 49 sonriente
2082 2636 296 63 primavera
2408 2637 65 50 de
2519 2637 46 49 la

730 2718 139 60 vida,
902 2733 33 49 y
964 2732 58 35 se
1051 2718 125 50 abre
1205 2718 46 48 la
1279 2716 98 51 tlor
1405 2718 80 50 del
1517 2717 151 62 alma,
1702 2734 32 48 y
1763 2718 44 49 el
1839 2733 162 46 amor,
2037 2719 286 50 sacándola
2353 2734 96 36 con
2474 2734 90 36 sus

725 2801 108 50 alas
862 2801 66 51 de
968 2802 281 63 mariposa,
1296 2801 45 49 le
1371 2801 130 50 hace
1543 2802 158 49 sentir
1731 2801 255 52 inefables
2027 2804 534 61 extremecimientos,

726 2888 255 47 entonces
1021 2886 247 63 rómpese
1296 2885 44 49 el
1384 2885 340 64 copiosísimo
1766 2900 198 36 venero
2006 2887 66 49 de
2102 2887 44 49 la
2189 2887 311 65 inspiración
2531 2904 33 48 y

725 2982 342 51 esperanzas,
1136 2969 373 60 vacilaciones,
1579 2974 262 56 ternezas,
1900 2970 164 61 celos,
2133 2985 219 50 pesares
2400 2972 65 50 de
2517 2972 47 50 la

725 3053 267 60 ausencia,
1037 3052 174 50 burlas
1241 3053 81 49 del
1366 3052 220 61 desdén,
1634 3053 238 50 acíbares
1913 3054 81 50 del
2031 3054 138 61 odio,
2214 3056 128 49 todo
2371 3060 117 46 esto
2530 3072 32 48 y

724 3135 187 51 mucho
941 3140 111 46 más
1082 3137 147 49 brota
1260 3152 26 33 a
1317 3137 323 49 borbotones
1670 3137 79 49 del
1782 3139 277 48 manantial
2093 3138 302 65 inagotable
2423 3140 66 50 de
2517 3140 45 49 la

723 3222 182 61 poesía
938 3220 271 64 popular».

828 3301 225 53 Cuando
1082 3317 158 51 surge
1270 3304 45 49 la
1343 3304 152 64 copla
1526 3319 29 34 o
1585 3305 366 64 simplemente
1979 3305 44 50 el
2055 3320 160 36 verso
2240 3307 312 62 octosílabo,

721 3402 29 34 a
781 3387 76 50 los
887 3387 178 51 cuales
1096 3402 191 50 parece
1315 3402 102 50 que
1444 3402 60 35 se
1532 3387 168 51 aterra
1729 3389 44 49 el
1805 3393 160 60 gusto
1994 3405 33 49 y
2056 3390 44 49 el
2131 3391 161 49 sentir
2321 3391 81 50 del
2433 3405 127 51 pue-

721 3471 103 61 blo,
858 3472 154 50 todas
1042 3472 76 49 las
1146 3470 196 51 formas
1372 3472 65 50 de
1466 3472 78 49 los
1573 3476 240 46 cantares
1842 3474 305 63 españoles,
2180 3477 78 48 así
2287 3474 76 51 las
2390 3473 172 52 Soleá

717 3570 32 49 y
779 3556 75 49 las
881 3553 346 66 Soleariyas,
1271 3557 78 48 así
1378 3556 45 48 la
1464 3554 244 65 Alegría,
1752 3556 44 50 el
1828 3560 111 47 más
1969 3557 164 51 breve
2162 3558 67 51 de
2270 3559 79 50 los
2379 3563 177 47 canta-

722 3653 84 35 res
835 3639 304 65 españoles,
1185 3654 151 35 como
1367 3639 78 50 los
1475 3640 280 50 estribillos
1796 3641 66 50 de
1890 3642 207 50 sentido
2137 3659 34 48 y
2199 3641 360 66 significación

722 3724 424 64 independiente,
1192 3739 32 48 y
1254 3738 93 50 por
1389 3724 176 49 último
1595 3724 75 50 las
1697 3722 340 66 Seguidillas
2063 3727 364 64 manchegas,
2460 3742 101 50 que
