3158 4654
1004 514 302 36 CANCIONERO
1348 512 204 37 MUSICAL
1591 513 213 36 POPULAR
1843 501 213 47 ESPAÑOL
2332 509 50 41 15

599 653 113 51 ción
761 653 234 51 musical.
1047 653 42 50 Y
1142 656 191 62 puesto
1380 667 64 35 en
1493 655 117 47 este
1658 656 163 60 punto
1869 651 66 51 de
1977 651 473 62 nacionalización,

600 738 198 64 recojo,
844 738 167 50 desde
1054 738 176 63 luego,
1278 737 46 49 la
1362 737 176 50 crítica
1568 750 103 51 que
1712 751 60 35 se
1801 750 84 35 me
1925 735 65 49 ha
2031 734 190 63 hecho,
2266 736 186 51 bien...

603 822 347 65 apasionada,
1003 836 94 50 por
1138 822 180 59 cierto,
1366 835 101 50 que
1514 835 126 50 para
1686 820 159 50 hacer
1887 819 127 51 obra
2062 820 66 50 de
2175 820 280 50 nacionali-

599 906 181 50 zación
841 920 89 35 «se
982 906 162 50 rodea
1199 920 102 34 uno
1355 905 66 50 de
1474 908 221 47 cuantas
1748 904 337 50 colecciones
2139 904 89 50 de'
2264 907 187 48 cantos

599 989 284 65 populares
925 1004 60 35 se
1025 989 100 49 han
1168 988 282 65 publicado
1492 988 153 50 hasta
1687 988 45 50 la
1761 986 279 62 techa...»,
2086 1002 61 35 se
2187 987 169 63 cuela,
2395 1002 61 36 se

598 1074 142 64 agita
768 1090 52 48 y,
855 1087 63 36 en
949 1072 195 62 efecto,
1178 1087 59 35 es
1268 1087 128 36 cosa
1427 1072 253 65 probada:
1727 1072 46 50 la
1804 1072 126 50 obra
1979 1072 66 50 de
2073 1075 112 47 arte
2214 1072 239 51 nacional

597 1172 66 35 no
692 1157 128 61 sale,
855 1172 30 35 o
914 1157 41 50 si
985 1157 112 50 sale
1126 1157 123 64 algo
1280 1171 101 51 que
1410 1156 48 50 lo
1489 1156 274 64 pretenda,
1797 1171 126 35 es...
1959 1172 65 34 un
2056 1157 275 64 ciempiés.

702 1240 132 51 Pero
877 1241 355 65 prosigamos.
1280 1240 185 51 Desde
1513 1240 45 49 la
1606 1242 170 64 época
1824 1255 103 50 que
1973 1255 109 50 voy
2129 1240 319 62 reseñando,

596 1325 301 51 reanudóse
944 1325 45 49 la
1036 1325 277 64 búsqueda
1361 1325 66 50 de
1467 1339 95 35 esa
1603 1325 145 50 clase
1790 1325 66 50 de
1903 1325 462 61 documentación,
2418 1342 34 48 y

595 1409 257 51 sabiendo
894 1410 102 64 qué
1036 1424 87 35 era
1168 1409 47 49 lo
1258 1423 102 51 que
1402 1409 235 50 buscaba
1679 1425 33 48 y
1754 1423 126 50 para
1919 1410 102 64 qué
2061 1407 136 52 fines
2239 1409 49 51 lo
2329 1410 122 50 bus-

595 1493 150 61 caba,
791 1507 134 51 puse
954 1509 27 33 a
1012 1493 358 51 contribución
1401 1508 28 34 a
1460 1508 67 34 no
1569 1507 168 50 pocos
1779 1494 207 64 amigos
2025 1493 282 65 diligentes
2349 1508 103 51 que

595 1592 84 35 me
713 1577 274 64 ayudasen
1019 1592 63 35 en
1124 1581 116 46 este
1270 1578 276 63 patriótico
1590 1577 217 62 intento;
1854 1593 33 48 y
1915 1581 178 47 tantos
2135 1581 315 48 centenares

595 1661 66 50 de
690 1665 185 47 cantos
905 1677 33 48 y
968 1661 65 50 de
1072 1661 226 50 tonadas
1328 1661 66 50 de
1434 1661 155 50 todas
1632 1661 174 51 clases
1849 1661 176 65 llegué
2054 1677 28 34 a
2113 1653 191 71 reunir,
2347 1677 104 51 que

593 1760 59 35 se
700 1746 224 64 impuso,
975 1761 67 49 ya
1090 1745 167 51 desde
1308 1745 207 65 aquella
1563 1745 46 50 la
1664 1746 290 50 necesidad
2008 1746 65 50 de
2121 1746 330 52 seleccionar

592 1829 205 51 cuando
828 1829 203 65 llegase
1059 1829 45 50 el
1136 1844 146 45 caso,
1321 1844 102 50 que
1452 1845 67 49 ya
1548 1829 66 50 ha
1645 1829 212 64 llegado
1888 1830 180 62 ahora,
2115 1831 66 50 de
2210 1831 237 64 publicar

592 1928 95 35 ese
727 1914 65 49 mi
839 1911 369 64 Cancionero,
1254 1928 102 50 que
1397 1914 158 50 viene
1595 1929 28 34 a
1666 1929 85 34 ser
1792 1914 44 50 la
1885 1915 137 49 serie
2063 1915 67 50 de
2170 1915 277 63 ejercicios

592 2012 102 50 que
739 2012 70 50 yo
857 2012 84 34 me
988 2012 234 50 propuse
1268 2014 31 47 y
1343 1997 66 49 he
1455 1998 310 51 necesitado
1819 2013 127 50 para
1992 1998 159 52 hacer
2198 1999 128 52 obra
2379 2000 68 51 de

590 2081 443 51 nacionalización
1076 2081 234 50 musical.
1359 2080 53 52 Si
1448 2097 67 49 ya
1544 2096 64 35 en
1651 2081 115 51 Por
1790 2086 227 46 nuestra
2059 2085 216 48 música
2314 2084 52 51 dí
2395 2084 49 50 lo

590 2180 120 50 que,
755 2168 170 62 según
973 2180 101 35 una
1104 2166 283 64 expresión
1419 2168 120 58 mía,
1574 2181 89 35 era
1692 2167 124 64 algo
1845 2169 80 47 así
1954 2182 154 36 como
2146 2182 66 36 un
2242 2172 202 47 receta-

589 2250 72 49 rio
691 2264 125 50 para
857 2249 214 51 escribir
1112 2250 428 64 composiciones
1581 2249 265 53 fundadas
1887 2266 64 35 en
1994 2255 150 47 estos
2187 2253 250 62 intentos,

589 2344 59 52 ¿a
695 2335 102 64 qué
845 2337 312 46 mostrarme
1203 2348 164 35 avaro
1416 2334 67 50 de
1531 2334 47 50 lo
1629 2349 138 50 poco
1816 2350 100 50 que
1963 2350 64 36 en
2076 2340 118 46 esto
2248 2351 61 36 se
2360 2351 85 36 me

588 2418 235 61 alcanza,
874 2434 33 48 y
953 2418 385 64 regateárselo,
1391 2419 300 65 mezquino,
1743 2435 28 34 a
1820 2420 79 50 los
1948 2435 102 50 que
2097 2435 84 36 me
2227 2420 101 51 han
2377 2422 68 51 de

575 2502 254 59 suceder,
863 2517 29 34 a
921 2501 78 51 los
1028 2502 244 63 jóvenes,
1306 2502 158 51 sobre
1491 2502 158 52 todo?
