3158 4654
769 657 53 40 2
1422 659 149 34 FELIPE
1609 659 196 33 PEDRELL

699 800 228 46 maestro
956 797 242 63 Incenga,
1233 813 32 48 y
1294 811 68 49 yo
1403 796 45 49 la
1477 795 266 50 armonizo
1784 795 66 50 de
1879 786 209 58 manera
2129 794 121 64 algo
2281 796 110 47 más
2421 794 101 49 cui-

700 880 134 50 dada
864 882 65 49 de
958 882 47 48 lo
1035 896 101 49 que
1163 881 45 49 él
1240 880 420 51 acostumbraba.

804 962 124 64 295)
959 965 180 50 Todas
1173 965 75 48 las
1279 965 197 49 danzas
1519 963 368 64 mallorquinas
1928 977 59 36 se
2016 962 169 51 bailan
2229 976 97 36 con
2358 975 171 36 acom-

703 1048 332 63 pañamiento
1076 1048 65 50 de
1179 1049 226 63 guitarra
1450 1048 45 49 al
1526 1047 111 50 cual
1681 1062 59 34 se
1782 1047 181 49 suelen
2006 1047 109 49 unir
2154 1046 225 50 tambien
2420 1044 109 65 gui-

700 1135 183 57 tarros,
918 1132 320 61 bandurrias,
1271 1133 189 62 alguna
1492 1146 99 36 vez
1620 1132 177 59 violín,
1829 1131 258 64 triángulo
2111 1146 33 49 y
2173 1128 353 61 castañuelas,

700 1216 157 50 sobre
884 1216 125 50 todo
1038 1230 63 35 en
1132 1217 75 48 las
1239 1216 133 62 jotas
1401 1232 33 48 y
1463 1230 219 48 copeos.
1717 1214 103 50 Los
1844 1218 243 47 cantores
2116 1214 181 50 suelen
2326 1227 85 35 ser
2433 1212 97 50 dos

701 1314 100 50 que
829 1314 59 35 se
916 1300 211 49 relevan
1158 1315 62 34 en
1251 1301 43 48 el
1327 1300 187 64 copleo
1556 1314 30 35 o
1615 1303 186 46 cantan
1831 1299 44 49 al
1918 1300 223 48 unísono
2165 1313 30 34 o
2224 1313 29 34 a
2283 1297 120 60 duo,
2448 1311 81 35 es-

701 1383 344 64 pecialmente
1083 1398 63 35 en
1188 1384 43 49 el
1274 1398 188 49 copeo.
1498 1382 54 50 El
1584 1382 223 50 llamado
1847 1382 188 49 bolero
2064 1382 331 62 mallorquín
2423 1396 33 48 y
2484 1379 45 50 el

699 1481 173 48 copeo
912 1467 214 50 señalan
1169 1468 78 49 los
1287 1468 249 49 términos
1583 1467 65 50 de
1689 1466 233 60 lentitud,
1956 1466 44 49 el
2033 1466 222 62 primero
2285 1462 244 66 (compás

700 1551 65 49 de
796 1548 78 65 2/4)
906 1551 301 61 moderado,
1235 1568 32 47 y
1291 1551 64 50 de
1378 1551 288 50 animación
1691 1550 44 50 el
1760 1550 262 64 segundo,
2051 1546 241 67 (compás
2322 1548 65 50 de
2422 1546 101 64 2/2).

703 1633 69 50 La
804 1635 162 60 mujer
1006 1635 65 50 da
1100 1635 45 49 la
1187 1638 157 61 pauta
1385 1635 65 49 de
1479 1635 78 48 los
1598 1634 388 59 movimientos,
2034 1647 180 49 pasos,
2261 1631 206 51 vueltas
2496 1647 33 48 y

701 1721 272 61 pequeños
1002 1719 164 49 saltos
1196 1733 102 50 que
1325 1718 102 64 hay
1458 1733 101 49 que
1587 1718 250 62 ejecutar,
1872 1718 91 51 los.
1991 1716 179 51 cuales
2199 1716 137 51 debe
2366 1716 164 49 imitar

699 1801 45 50 al
776 1802 183 50 mismo
987 1803 213 64 tiempo,
1234 1819 33 48 y
1296 1817 96 36 con
1422 1803 248 60 simetria,
1703 1802 45 49 el
1778 1801 236 51 hombre.

803 1886 117 60 296,
961 1883 125 65 297)
1164 1886 156 50 Estas
1362 1886 97 50 dos
1500 1886 265 49 variantes
1813 1886 65 50 de
1925 1886 45 48 la
2002 1884 137 64 Jota
2188 1887 338 61 pertenecen,

699 1968 77 49 La
816 1968 338 62 Alicantina,
1197 1985 29 34 a
1256 1970 45 49 la
1330 1970 165 50 ribera
1537 1969 80 51 del
1642 1969 176 62 Júcar,
1863 1985 32 48 y
1924 1969 46 49 la
1996 1967 138 64 Jota
2176 1965 90 52 del
2289 1981 187 36 carrer
2502 1982 29 34 a

699 2052 45 49 la
774 2067 138 49 vega
941 2053 64 50 de
1035 2053 265 51 Valencia.
1346 2053 81 50 De
1454 2053 78 50 La
1563 2052 317 50 Alicantina
1921 2067 82 35 me
2031 2052 223 51 escribía
2283 2052 45 49 el
2361 2065 167 35 maes-

698 2139 77 46 tro
805 2136 65 50 D.
905 2134 260 53 Salvador
1196 2136 178 62 Giner,
1409 2152 101 49 que
1537 2151 88 35 era
1655 2140 154 47 canto
1839 2151 121 49 muy
2003 2136 341 64 vulgarizado
2373 2150 64 34 en
2481 2135 45 49 la

697 2220 164 49 ribera
885 2220 80 50 del
990 2220 157 61 Júcar
1178 2235 124 50 para
1333 2221 89 50 dar
1450 2223 293 58 serenatas,
1772 2237 31 48 y
1827 2235 103 50 que
1953 2235 60 35 se
2041 2223 292 61 acompaña
2363 2234 96 36 con
2484 2219 46 49 la

699 2304 244 63 guitarra,
987 2319 28 34 a
1046 2304 45 49 la
1132 2305 112 50 cual
1287 2319 135 35 unen
1452 2320 28 34 a
1513 2319 161 35 veces
1705 2305 45 48 la
1780 2303 264 50 octavilla
2074 2301 252 67 (guitarra
2355 2300 167 67 tiple).

701 2387 70 50 La
812 2387 125 50 letra
978 2402 59 35 se
1065 2403 94 34 usa
1202 2388 441 50 indistintamente
1684 2403 63 34 en
1790 2388 223 50 dialecto
2054 2388 310 51 valenciano
2406 2402 30 34 o
2465 2401 63 35 en

698 2471 187 63 lengua
916 2472 302 50 castellana.
1253 2471 74 50 En
1358 2475 190 47 cuanto
1577 2488 28 33 a
1635 2472 46 49 la
1696 2471 137 64 Jota
1863 2470 90 51 del
1977 2487 203 45 carrer,
2213 2486 121 49 muy
2363 2472 164 50 usada

698 2569 62 35 en
803 2555 44 49 la
878 2570 138 49 vega
1057 2556 282 59 valentina,
1385 2570 60 35 se
1473 2560 119 46 toca
1632 2556 399 64 generalmente
2072 2570 152 36 como
2260 2555 268 65 pasacalle

697 2639 330 50 recorriendo
1069 2640 75 49 las
1174 2640 159 50 calles
1376 2640 79 50 del
1500 2640 210 64 pueblo.
1757 2638 73 52 Se
1870 2643 292 61 acompaña
2204 2654 97 36 con
2332 2640 45 49 la
2417 2640 110 64 gui-

696 2725 135 47 tarra
877 2724 249 50 asociada
1172 2739 29 34 a
1241 2738 163 36 veces
1454 2738 96 36 con
1591 2724 45 50 el
1683 2725 250 62 guitarro.
1985 2723 56 50 El
2084 2724 338 53 movimiento
2464 2723 65 51 de

696 2810 113 46 esta
852 2807 235 50 variante
1127 2808 231 63 regional
1401 2807 66 50 de
1497 2807 44 50 la
1568 2807 139 64 Jota
1747 2822 60 35 es
1850 2812 328 46 sumamente
2217 2808 243 50 animado
2496 2824 33 48 y

695 2890 288 51 bullicioso.
1019 2890 100 51 Las
1149 2890 228 51 estrotas
1406 2907 63 35 en
1501 2892 308 50 valenciano
1840 2907 30 35 o
1898 2907 63 34 en
1992 2892 311 50 castellano.

799 2972 124 65 298)
1000 2973 128 52 Otra
1159 2976 235 50 variante
1424 2977 65 49 de
1508 2975 142 64 Jota
1679 2991 65 34 en
1773 2978 212 48 música
2014 2975 68 51 de
2099 2975 240 65 fadrins,
2383 2991 144 36 reco-

694 3058 122 64 sida
861 3073 63 35 en
966 3058 103 50 Los
1116 3059 177 51 Valles
1336 3057 300 65 (Castellón
1684 3060 66 50 de
1795 3060 47 50 la
1882 3057 203 66 Plana).
2133 3059 73 53 Se
2246 3064 151 47 canta
2440 3075 86 36 co-

695 3142 157 50 reada
881 3158 28 33 a
939 3143 120 50 duo.

799 3224 124 64 299)
988 3226 137 63 Jota
1167 3231 416 57 tarraconense,
1626 3228 237 50 variante
1911 3228 119 51 oída
2071 3243 95 50 por
2212 3229 64 49 mi
2320 3243 64 35 en
2427 3243 99 35 una

695 3309 168 51 noche
894 3309 95 51 tría
1030 3327 32 48 y
1091 3314 225 47 ventosa
1357 3312 45 49 al
1435 3312 300 50 trasbordar
1776 3328 28 33 a
1834 3313 101 63 pié,
1980 3328 28 34 a
2038 3313 384 50 consecuencia
2464 3313 65 50 de

695 3408 66 35 no
807 3394 252 51 recuerdo
1107 3409 101 50 que
1253 3395 291 61 accidente,
1596 3397 251 49 acaecido
1893 3411 64 35 en
2005 3397 46 49 la
2092 3399 106 59 vía,
2244 3397 158 50 todos
2449 3397 78 50 los

694 3478 274 63 pasajeros
997 3478 81 51 del
1108 3481 110 47 tren
1247 3477 170 51 frente
1445 3495 28 34 a
1504 3479 46 50 la
1580 3479 146 51 Riba.
1762 3479 71 50 La
1863 3480 171 51 noche
2073 3495 87 35 era
2190 3481 65 50 de
2284 3495 182 50 perros
2494 3497 33 49 y

694 3562 116 50 bien
852 3576 60 35 se
952 3562 225 64 quejaba
1217 3562 44 50 el
1293 3563 164 64 pobre
1497 3563 251 51 cantador
1787 3565 297 63 guitarrista
2124 3568 316 47 rasserat
2379 3558 63 74 a
2470 3565 55 49 la

689 3649 169 60 paret
879 3662 33 48 y
942 3650 200 46 muerto
1174 3646 66 51 de
1267 3645 115 52 frío.
2011 3710 2 2 |

795 3727 125 65 300)
981 3729 138 64 Jota
1149 3731 296 61 tortosina,
1477 3731 119 51 oída
1636 3733 227 50 también
1907 3747 94 50 por
2029 3733 64 49 mi
2123 3747 63 36 en
2217 3733 112 51 dias
2358 3734 66 50 de
2455 3735 64 48 mi

695 3814 271 63 juventud.
1013 3814 71 50 La
1113 3816 397 63 acompañaban
1550 3830 101 36 una
1692 3820 244 61 pequeña
1949 3805 187 63 banda
2177 3817 66 51 de
2269 3818 259 64 guitarras

694 3914 33 49 y
754 3898 311 65 guitarrillas
1093 3902 213 48 tenores
1334 3915 34 49 y
1396 3899 172 65 tiples.
1616 3899 105 52 Esa
1751 3901 331 52 modulación
2124 3902 316 66 incompleta
2480 3903 46 51 al
