3158 4654
1035 480 305 36 CANCIONERO
1380 479 204 36 MUSICAL
1625 479 212 36 POPULAR
1876 469 215 45 ESPAÑOL
2374 474 55 42 53

651 625 128 47 tono
808 621 67 52 de
900 636 60 35 re
997 619 294 53 anunciada
1331 633 96 51 por
1454 618 46 51 el
1531 618 93 51 so!
1658 618 270 52 becuadro
1971 617 245 66 quedaba
2244 620 89 48 tan
2365 617 143 51 inde-

651 707 107 50 cisa
787 722 33 49 y
848 710 86 46 tan
964 705 387 51 característica
1381 719 154 36 como
1564 718 231 103 a
1823 698 65 55 en
1924 703 46 50 el
2001 703 503 64 acompañamiento

653 806 98 35 con
782 804 102 51 que
912 790 45 50 la
987 789 67 50 he
1080 789 296 50 transcrito.

757 873 119 62 301,
909 871 125 65 302)
1114 872 200 65 Siguen
1345 873 98 50 dos
1473 872 183 65 coplas
1685 812 246 130 batlables
1973 872 270 49 leonesas.

757 957 119 62 303,
909 955 125 66 304)
1111 956 115 51 Dos
1269 954 368 53 Granadinas
1675 955 425 65 atandangadas,
2147 970 98 36 con
2277 958 114 47 más
2421 955 87 51 de-

657 1043 161 50 cisión
849 1042 46 50 la
925 1041 242 65 segunda
1196 1055 103 50 que
1328 1040 46 50 la
1404 1041 241 64 primera.

759 1126 84 50 De
889 1140 131 36 unas
1066 1142 33 48 y
1147 1128 143 47 otras
1337 1125 407 50 coleccioncitas
1793 1124 288 65 populares
2123 1138 154 36 como
2319 1123 76 50 las
2443 1124 66 50 de

655 1210 246 65 Minguet
942 1224 31 35 e
1001 1209 92 51 Írol
1135 1226 34 48 y
1198 1213 142 46 otras
1370 1210 77 48 sin
1490 1209 218 50 nombre
1749 1209 67 50 de
1844 1212 169 57 autor,
2058 1224 34 48 y
2122 1208 66 50 de
2217 1208 77 49 las
2335 1211 114 47 más
2479 1223 31 35 o

653 1309 185 35 menos
867 1294 260 50 artísticas
1156 1293 67 50 de
1253 1293 225 64 Incenga
1508 1292 175 62 (Ecos
1709 1291 70 51 de
1804 1291 281 64 España),
2131 1290 154 53 Ocon
2328 1289 175 64 (Can-

656 1383 90 45 tos
791 1376 342 66 españoles),
1190 1377 202 61 Lázaro
1449 1376 188 52 Núñez
1689 1377 205 51 Kobres
1946 1380 102 47 etc.
2108 1378 268 63 proceden
2432 1377 77 49 las

656 1463 228 51 tonadas
914 1463 67 50 de
1007 1462 156 51 todas
1192 1465 145 47 estas
1367 1462 184 64 coplas
1592 1461 255 52 bailables
1878 1475 103 52 que
2009 1475 68 36 no
2113 1464 147 47 traen
2290 1461 220 51 nombre

656 1547 66 51 de
751 1547 232 51 colector
1011 1547 47 49 ni
1089 1547 66 50 de
1195 1546 268 51 colección
1493 1546 233 64 especial
1769 1546 66 51 de
1862 1544 313 63 referencía,
2222 1560 96 50 por
2346 1545 164 52 haber

653 1631 325 51 descuidado
1024 1634 168 47 tomar
1237 1634 122 46 nota
1408 1631 228 61 cuando,
1696 1645 66 49 ya
1792 1629 134 51 hace
1956 1629 220 52 muchos
2229 1633 152 57 años,
2433 1630 77 50 las

652 1716 152 65 copié
833 1730 125 50 para
993 1715 280 50 utilizarlas
1317 1730 153 35 como
1513 1716 214 49 materia
1771 1715 65 50 de
1865 1715 211 50 estudio
2118 1715 280 64 particular
2427 1715 77 50 sin

654 1815 191 50 pensar
880 1814 102 51 que
1011 1799 216 64 llegaría
1270 1814 64 35 un
1364 1800 200 63 tiempo
1593 1813 63 35 en
1702 1814 102 50 que
1834 1799 76 49 las
1954 1799 286 64 publicaría
2282 1813 64 36 en
2378 1799 129 51 obra

653 1883 231 66 especial
915 1899 153 36 como
1098 1885 46 48 la
1174 1887 268 60 presente.

757 1967 252 63 Anotaré,
1043 1969 238 60 además,
1315 1984 32 48 y
1376 1969 67 49 de
1471 1982 102 35 una
1602 1983 103 36 vez
1747 1982 95 50 por
1869 1968 177 61 todas,
2094 1983 104 49 que
2227 1983 67 35 no
2323 1983 60 36 es
2413 1983 94 51 po-

650 2053 131 51 sible
817 2052 258 51 trasladar
1103 2053 45 49 al
1192 2052 156 65 piano
1392 2053 75 49 las
1508 2051 199 51 formas
1750 2052 287 65 populares
2085 2056 422 61 acompañantes

650 2138 65 50 de
743 2140 245 47 nuestros
1016 2137 285 50 tañedores
1331 2137 67 51 de
1424 2137 251 64 guitarra,
1722 2151 68 36 no
1818 2140 87 46 tan
1943 2138 118 49 solo
2103 2151 205 51 porque
2349 2138 158 64 piano

650 2238 33 49 y
711 2222 229 64 guitarra
972 2236 96 35 son
1112 2222 376 61 instrumentos
1529 2222 301 50 antitéticos
1872 2222 116 48 sino
2018 2236 204 51 porque
2264 2222 45 49 la
2338 2220 168 52 fanta-

650 2308 77 48 sía
757 2307 65 49 de
852 2306 78 50 los
958 2305 134 50 tales
1133 2305 305 61 tañedores,
1484 2320 210 51 aunque
1723 2306 173 63 sujeta
1927 2321 28 34 a
1986 2306 46 49 la
2073 2307 228 50 melodía
2331 2322 175 35 acom-

650 2391 227 64 pañada,
923 2404 60 36 es
1025 2391 143 60 libre,
1203 2404 128 51 pero
1380 2404 102 50 que
1510 2405 67 35 no
1607 2404 59 36 se
1707 2390 120 64 deja
1868 2391 292 64 aprisionar
2200 2391 208 51 cuando
2447 2406 61 35 se

648 2477 134 47 trata
812 2475 66 50 de
918 2474 250 64 sujetarla
1210 2489 28 34 a
1268 2474 77 50 las
1387 2474 150 64 leyes
1577 2474 230 51 rítmicas
1848 2490 33 48 y
1909 2473 234 65 gráficas
2186 2475 67 50 de
2282 2475 45 50 la
2357 2479 149 46 nota-

650 2559 113 50 ción
794 2558 273 51 corriente.
1104 2557 150 65 Hijas
1284 2559 67 50 de
1379 2558 44 50 la
1456 2559 407 64 improvisación
1895 2559 66 50 de
1991 2562 269 47 momento
2285 2559 220 52 muchas

650 2644 65 49 de
744 2643 77 49 las
848 2641 198 51 formas
1076 2646 419 61 acompañantes
1531 2657 103 51 que
1662 2643 264 64 emplean,
1972 2660 32 47 y
2035 2657 95 51 por
2170 2647 119 47 esto
2318 2644 188 51 mismo

649 2742 143 35 raras
821 2741 164 37 veces
1028 2741 31 35 O
1089 2727 107 50 Casi
1226 2741 170 37 nunca
1441 2727 224 64 iguales,
1709 2727 46 50 el
1785 2728 343 64 transcriptor
2168 2728 173 65 queda
2370 2732 136 47 atur-

650 2811 120 51 dido
799 2825 30 35 e
852 2811 160 50 invita
1040 2811 45 49 al
1115 2811 222 51 tañedor
1359 2827 33 49 y
1416 2811 44 50 al
1485 2815 244 46 cantaor
1747 2827 30 34 a
1800 2812 195 64 repetir
2023 2827 102 35 una
2150 2812 154 65 copla
2328 2828 177 47 acom-

651 2896 208 64 pañada
889 2910 30 35 o
949 2910 66 35 un
1058 2910 134 50 paso
1236 2896 66 51 de
1349 2896 46 50 la
1436 2897 204 60 misma,
1674 2913 32 48 y
1735 2912 65 34 en
1829 2911 103 37 vez
1961 2897 67 50 de
2069 2912 102 35 una
2215 2899 288 63 repetición

649 2979 230 52 escucha
908 2995 207 36 nuevos
1145 2995 191 50 rasgos
1365 2995 68 36 no
1462 2980 373 66 sospechados
1863 2997 34 48 y
1927 2985 113 46 más
2081 2983 418 64 sorprendentes

650 3079 102 50 que
781 3065 77 49 los
888 3079 102 50 que
1030 3065 167 51 acaba
1239 3065 65 50 de
1333 3066 91 49 oir.
1471 3065 100 50 Por
1598 3079 96 36 eso
1723 3066 46 49 el
1812 3067 343 64 transcriptor
2195 3067 116 50 solo
2340 3068 167 64 podrá

651 3152 338 47 contentarse
1017 3164 98 36 con
1145 3164 66 35 un
1242 3165 35 34 a
1302 3164 110 49 peu
1432 3164 133 50 pres
1602 3148 124 52 ante
1767 3150 45 50 la
1842 3151 214 64 riqueza
2097 3168 34 48 y
2159 3152 252 51 novedad
2439 3152 67 52 de

652 3234 79 50 los
759 3234 198 61 ritmos,
990 3234 46 50 el
1066 3234 383 65 sorprendente
1477 3234 477 51 encadenamiento
1982 3252 34 49 y
2044 3236 365 66 entrechoque
2438 3238 67 50 de

652 3318 243 61 acordes,
945 3334 35 49 y
1026 3319 152 64 aquel
1226 3320 249 49 continuo
1518 3335 32 49 y
1591 3320 161 64 típico
1792 3321 305 63 rasgueado
2138 3335 31 36 o
2210 3322 293 64 punteado,

651 3403 199 51 mezcla
891 3403 67 51 de
985 3418 95 35 ese
1101 3404 179 50 tañido
1303 3404 233 64 peculiar
1558 3404 67 51 de
1653 3404 46 50 la
1722 3405 252 64 guitarra,
2002 3420 104 51 que
2135 3420 171 37 nunca
2336 3407 167 65 podrá

649 3487 291 51 asimilarse
968 3488 445 64 completamente
1440 3489 46 50 el
1517 3489 158 65 piano
1704 3490 47 49 ni
1782 3492 102 48 aún
1915 3490 227 65 pulsado
2172 3505 96 51 por
2296 3506 66 36 un
2394 3492 108 65 pia-

648 3573 135 49 nista
812 3573 257 65 superior.

752 3655 103 53 305
883 3672 29 35 a
952 3654 125 67 309)
1156 3657 98 51 Del
1302 3656 318 67 Fandango
1665 3658 68 51 he
1777 3658 232 53 hablado
2055 3661 68 50 de
2170 3675 135 51 paso
2352 3676 65 36 en
2460 3662 47 51 la

649 3740 318 52 Anotación
995 3742 227 50 anterior
1250 3742 46 51 al
1335 3747 276 61 presentar
1640 3743 77 51 las
1764 3742 369 54 Granadinas
2171 3760 103 51 que
2302 3747 204 52 acaban
