3158 4654
796 523 35 34 46
1451 522 148 32 FEDIPE
1641 520 196 32 “PBDRELL

728 662 184 50 maban
944 660 169 65 copla,
1147 661 115 48 éste
1291 674 62 34 en
1385 673 101 35 uno
1517 659 64 49 de
1622 672 89 35 sus
1754 660 349 60 apotegmas,
2150 670 27 34 a
2208 654 128 51 cada
2379 656 177 47 cuatro

727 759 188 36 versos
945 744 65 50 de
1034 759 63 34 un
1129 757 261 35 romance.
1426 742 160 61 ¿Pero
1617 757 65 33 no
1712 754 225 51 aparece
1960 755 67 49 ya
2057 740 44 48 la
2131 739 151 63 copla
2313 752 62 35 en
2400 737 155 60 algún

728 828 185 64 vulgar
943 828 271 49 villancico
1257 827 79 49 del
1368 826 134 62 siglo
1532 824 95 51 xv?
1669 824 349 66 Preguntaba,
2054 838 65 34 no
2149 823 63 48 ha
2256 821 207 59 mucho,
2510 821 44 48 el

729 912 147 49 sabio
904 910 292 50 folklorista
1227 927 31 47 y
1288 910 329 48 amantísimo
1647 908 298 64 apologista
1986 908 65 49 de
2094 905 318 59 Cervantes,
2458 904 98 49 Ko-

728 995 214 62 driguez
972 994 167 49 Marín
1171 994 235 60 ¿cuándo
1448 993 252 49 comenzó
1730 1007 28 33 a
1789 1006 185 34 usarse
2003 994 115 45 este
2162 990 152 60 linaje
2343 988 65 50 de
2438 1002 117 36 can-

727 1082 138 45 tares
895 1094 31 48 y
957 1079 151 48 cómo
1139 1075 272 52 nacieron?
1444 1076 197 49 Dentro
1672 1076 64 49 de
1766 1075 47 49 lo
1845 1075 221 64 popular
2095 1074 64 50 de
2201 1073 79 49 los
2322 1071 235 66 pasados

728 1161 546 64 siglos—decía—«lo
1306 1163 109 46 más
1458 1163 199 46 remoto
1700 1173 102 50 que
1844 1158 135 49 hallo
2021 1172 101 50 que
2162 1172 59 35 se
2261 1171 223 50 parezca
2530 1171 28 33 a

728 1249 242 45 nuestros
1024 1248 239 46 cantares
1312 1243 323 50 octosílabos
1689 1242 65 50 de
1807 1246 177 46 cuatro
2039 1256 240 41 versos»,
2332 1255 94 34 son
2482 1239 76 49 las

728 1329 180 63 coplas
938 1328 79 50 del
1049 1343 91 48 ay,
1163 1329 102 62 ay,
1298 1342 91 48 ay,
1421 1342 62 33 en
1515 1327 139 62 boga
1684 1341 27 34 a
1739 1324 134 50 fines
1904 1326 80 49 del
2028 1325 135 64 siglo
2192 1341 78 34 xvi
2301 1340 32 48 y
2375 1323 182 65 princi-

728 1413 114 62 pios
873 1412 79 50 del
983 1412 279 62 siguiente,
1298 1425 99 49 que
1427 1411 97 49 cita
1568 1409 144 64 Lope
1754 1410 64 49 de
1848 1409 149 63 Vega
2038 1423 63 35 en
2131 1423 60 35 su
2231 1407 236 51 comedia
2497 1405 67 50 £l

723 1497 210 61 premio
962 1493 67 51 de
1055 1494 119 49 bien
1220 1493 218 60 hablar,
1471 1510 31 47 y
1533 1507 100 50 que
1674 1494 64 49 da
1776 1507 151 36 como
1969 1492 406 65 desaparecidas
2405 1505 153 36 cuan-

728 1579 66 50 do
823 1578 131 51 hace
982 1578 138 50 decir
1148 1594 28 33 a
1206 1578 96 50 dos
1332 1578 65 49 de
1425 1592 90 34 sus
1546 1577 417 50 interlocutores:

1060 1687 164 41 Martín.
1392 1686 99 53 ¡Ay,
1519 1700 70 38 ay,
1620 1688 72 50 ay!

1066 1757 177 51 Rufina.
1701 1756 48 40 El
1776 1769 71 39 ay.
1875 1769 71 38 ay,
1974 1768 57 40 ay

1343 1825 68 42 Ha
1436 1826 158 40 mucho
1619 1826 166 51 tiempo
1810 1838 85 39 que
1920 1838 56 39 ya
2001 1827 128 50 pasó.

832 1925 130 50 Pero
991 1940 92 35 sea
1113 1926 65 49 de
1206 1929 116 46 esto
1352 1926 46 49 lo
1439 1940 101 50 que
1580 1926 194 64 quiera,
1807 1941 33 48 y
1882 1926 47 48 lo
1973 1926 183 48 mismo
2199 1925 64 49 de
2305 1924 45 49 la
2392 1927 166 46 trans-

727 2009 284 51 tormación
1042 2010 65 50 de
1137 2009 218 50 muchos
1385 2010 301 50 villancicos
1732 2010 244 63 antiguos
2006 2009 65 50 de
2099 2012 105 46 tres
2249 2022 205 46 versos,
2493 2022 66 35 en

728 2093 180 65 coplas
937 2093 65 50 de
1031 2097 196 56 cuatro,
1261 2108 87 34 era
1378 2108 125 35 caso
1532 2091 270 52 frecuente
1831 2107 95 50 por
1954 2093 207 64 aquella
2204 2093 189 63 época,
2445 2094 113 47 más

728 2192 100 49 que
856 2192 94 50 por
978 2177 134 50 nada
1142 2191 93 49 por
1263 2177 304 63 exigencias
1598 2177 64 50 de
1693 2177 44 49 la
1779 2177 214 50 música:
2028 2178 79 48 así
2147 2190 59 36 se
2247 2177 310 50 convertían

728 2275 63 35 en
831 2262 181 63 coplas
1054 2261 65 49 de
1160 2261 75 48 las
1277 2265 240 45 nuestras
1560 2276 95 35 con
1698 2261 114 49 sólo
1854 2261 190 63 repetir
2084 2261 46 49 el
2173 2261 188 63 primer
2401 2274 159 36 verso

728 2345 231 64 después
989 2344 79 50 del
1100 2344 260 64 segundo,
1395 2347 64 47 de
1490 2345 154 49 modo
1681 2359 100 49 que
1811 2345 281 64 quedarían
2131 2348 146 46 estos
2319 2348 241 46 cantares

728 2444 28 33 a
787 2428 44 49 la
861 2443 210 34 manera
1101 2428 64 49 de
1195 2432 145 45 otros
1371 2442 102 50 que
1501 2428 368 49 escuchamos.

834 2510 105 52 Sea
969 2512 64 50 de
1061 2512 126 49 todo
1228 2515 115 46 esto
1388 2512 47 49 lo
1477 2526 100 50 que
1620 2513 194 63 quiera,
1862 2513 185 63 repito,
2093 2512 45 49 la
2179 2515 233 47 cuarteta
2453 2528 32 48 y
2515 2512 45 49 la

729 2595 275 63 seguidilla
1033 2609 95 35 son
1159 2595 74 49 las
1264 2595 96 49 dos
1390 2595 172 50 clases
1592 2597 65 48 de
1698 2596 180 64 coplas
1920 2599 111 46 más
2073 2597 284 49 corrientes
2399 2612 31 48 y
2469 2611 91 49 ge-

729 2679 203 48 nerales
961 2693 63 34 en
1055 2679 181 48 tierras
1266 2678 64 50 de
1362 2678 229 64 España.
1626 2678 121 50 Más
1777 2680 214 63 antigua
2022 2694 100 50 que
2165 2679 45 50 la
2240 2683 233 47 cuarteta
2502 2694 59 35 es

731 2762 44 48 la
823 2762 291 64 seguidilla.
1149 2762 76 50 Va
1273 2777 123 49 para
1444 2763 145 49 cinco
1637 2763 164 63 siglos
1850 2777 100 50 que
1997 2763 82 50 dió
2129 2764 215 49 ocasión
2392 2779 28 33 a
2461 2778 100 35 una

727 2846 153 63 elosa
909 2846 65 49 de
1008 2845 134 61 Juan
1186 2844 226 51 Alvarez
1456 2844 140 51 Gato
1639 2844 138 64 (Vid.
1829 2844 345 52 Cancionero
2214 2845 68 52 de
2318 2847 240 62 Baena),

729 2932 158 61 poeta
929 2930 65 49 de
1035 2930 44 48 la
1122 2929 200 50 décima
1365 2930 175 63 quinta
1582 2931 248 49 centuria.
1884 2930 75 49 En
2006 2931 45 49 el
2105 2928 346 54 Cancionero
2496 2932 66 50 de

728 3013 226 51 Barbieri
996 3027 259 50 aparecen
1299 3017 140 45 otras
1480 3030 33 47 y
1543 3017 140 46 otras
1726 3019 257 45 muestras
2025 3015 81 49 del
2148 3016 196 63 tiempo
2381 3016 65 50 de
2483 3016 78 50 los

728 3096 176 65 Reyes
947 3095 289 52 Católicos.
1285 3096 279 51 Lindísima
1605 3098 274 63 seguidilla
1920 3102 151 46 canta
2100 3099 44 49 el
2188 3100 235 63 pajecico
2466 3098 94 53 Sil-

729 3195 136 35 vano
912 3195 63 35 en
1016 3181 44 49 el
1104 3185 117 46 acto
1263 3180 152 50 XXIIl
1457 3181 65 50 de
1569 3181 45 49 la
1671 3180 268 66 Tragedia
1980 3182 312 63 Policiana,
2336 3184 225 64 impresa

728 3279 61 34 en
833 3264 203 51 Toledo
1078 3279 93 50 por
1199 3265 77 49 los
1317 3268 130 46 años
1478 3265 65 50 de
1577 3263 148 52 1547.
1772 3265 71 50 La
1872 3267 177 49 citaré:

1396 3360 195 42 Páreste
1616 3374 25 28 a
1667 3362 40 40 la
1734 3365 199 38 ventana

1452 3431 115 41 Niña
1592 3444 53 28 en
1670 3432 179 42 cabello

1391 3500 102 52 Que
1518 3504 103 38 otro
1645 3514 200 41 parayso

1451 3571 69 40 Yo
1545 3584 56 28 no
1627 3571 42 41 lo
1693 3575 154 49 tengo,

728 3670 200 50 porque
957 3670 92 35 esa
1080 3654 318 52 calificación
1431 3657 65 50 de
1542 3657 162 51 «Niña
1734 3673 63 35 en
1828 3659 231 51 cabello»
2107 3660 45 50 la
2180 3661 240 65 emplean
2463 3677 96 36 con

726 3740 294 50 verdadero
1049 3740 200 64 agrado
1278 3744 243 46 nuestros
1551 3741 309 52 vihuelistas
1890 3744 80 50 del
2000 3761 80 34 xvi
2116 3746 153 63 siglo,
2303 3747 256 49 asimilán-

726 3823 131 50 dose
887 3823 75 50 las
993 3825 214 62 poesías
1249 3825 285 50 corrientes
1564 3840 30 35 o
1623 3827 287 50 anteriores
1940 3842 63 35 en
2046 3843 101 50 que
2175 3844 59 35 se
2262 3831 294 64 empleaba.
