3158 4654
984 557 306 38 CANCIONERO
1332 557 204 36 MUSICAL
1576 556 212 36 POPULAR
1826 546 214 45 ESPAÑOL
2308 551 55 42 55

579 699 65 52 de
672 713 137 37 vena
838 697 303 66 inagotable
1169 697 228 65 siempre
1425 696 124 51 viva
1578 711 34 49 y
1639 693 192 53 fresca.
1878 693 58 52 El
1967 693 212 53 célebre
2208 707 219 52 compo-

579 784 125 50 sitor
744 797 122 36 ruso
910 781 192 52 Glinka
1144 782 133 64 pasó
1319 796 100 35 una
1450 781 143 64 larga
1634 780 311 64 temporada
1987 794 64 35 en
2093 777 271 63 Granada,
2399 795 18 49 y
2423 795 49 49 ..

579 883 103 35 uno
728 868 66 50 de
839 881 91 36 sus
977 869 256 47 encantos
1282 866 66 50 de
1394 866 202 62 viajero
1636 879 90 35 era
1766 868 209 45 estarse
2015 863 159 50 horas
2214 867 215 46 enteras

579 952 211 64 oyendo
818 967 29 34 a
876 953 215 47 nuestro
1121 950 300 64 Rodriguez
1450 948 275 51 Murciano
1756 949 315 63 improvisar
2100 949 271 50 variantes
2400 962 29 35 a

578 1036 78 49 los
684 1034 523 65 acompañamientos
1237 1034 65 50 de
1345 1030 321 64 Rondeñas,
1697 1030 370 66 Fandangos,
2095 1031 176 65 Jotas
2299 1046 128 36 ara-

571 1133 255 51 gonesas
851 1122 100 47 etc.
986 1132 102 51 que
1116 1117 229 51 anotaba
1375 1132 97 35 con
1502 1117 219 51 cuidosa
1760 1117 344 64 persistencia
2133 1117 45 49 el
2210 1130 217 51 compo-

577 1204 126 49 sitor
730 1218 123 35 ruso
892 1202 317 65 empeñado,
1255 1202 237 60 además,
1537 1216 64 35 en
1630 1201 228 51 traducir
1897 1201 46 49 al
1977 1201 156 64 piano
2176 1201 78 50 los
2286 1199 141 52 etec-

577 1292 83 46 tos
706 1287 288 51 bellísimos
1040 1290 191 47 cuanto
1279 1285 390 52 desconocidos
1723 1300 102 50 que
1877 1285 197 51 sacaba
2123 1285 304 64 Rodriguez

579 1371 273 51 Murciano
882 1371 66 50 de
975 1371 76 49 las
1080 1370 106 50 seis
1227 1370 244 50 sencillas
1500 1370 224 51 cuerdas
1765 1370 67 50 de
1860 1384 61 35 su
1965 1370 364 50 instrumento.
2366 1368 60 51 El

579 1458 228 62 empeño
845 1455 66 50 de
941 1453 212 62 Glinka,
1187 1454 206 51 cuando
1422 1469 67 35 no
1518 1454 267 51 resultaba
1815 1454 300 64 imposible,
2149 1468 89 36 era
2268 1453 160 52 aban-

580 1540 211 50 donado
831 1542 388 60 prontamente,
1263 1553 133 50 pues
1426 1553 154 36 como
1621 1538 377 65 magnetizado
2040 1553 60 35 se
2140 1538 182 51 volvía
2363 1538 67 51 de

581 1627 222 62 repente
832 1623 148 51 hacia
1017 1637 61 36 su
1101 1625 328 65 compañero
1460 1622 282 65 quedando
1771 1637 156 36 como
1956 1623 279 50 extasiado
2266 1637 163 51 oyen-

578 1708 67 50 do
686 1707 45 50 la
772 1708 229 64 guitarra
1041 1723 34 48 y
1121 1707 306 50 admirando
1456 1706 80 50 los
1577 1721 162 35 sones
1782 1721 102 50 que
1913 1707 289 50 arrancaba
2243 1707 67 50 de
2351 1707 78 50 las

577 1792 242 50 cuerdas.
853 1791 104 51 Los
986 1794 113 47 más
1122 1790 380 51 renombrados
1545 1794 307 46 cantaores
1891 1791 66 50 de
1996 1791 125 51 toda
2162 1790 47 51 la
2251 1789 177 53 Anda-

577 1876 132 50 lucía
750 1875 371 66 proclamaban
1163 1875 428 50 unánimemente
1624 1889 102 50 que
1756 1875 45 50 la
1833 1889 213 36 manera
2088 1876 67 49 de
2178 1889 250 51 acompa-

578 1963 90 47 ñar
709 1960 76 50 las
826 1960 283 50 canciones
1149 1959 256 50 bailables
1446 1958 46 50 el
1535 1960 306 60 murciano,
1887 1961 81 48 así
2007 1959 47 52 le
2094 1959 334 65 apellidaban

578 2058 67 36 no
672 2045 141 48 tenía
841 2044 313 63 semejante,
1184 2043 47 49 ni
1264 2057 94 50 por
1379 2043 47 49 la
1455 2043 213 64 riqueza
1696 2059 33 48 y
1753 2043 251 51 novedad
2033 2043 67 51 de
2122 2043 79 51 los
2224 2044 201 61 ritmos,

574 2128 47 49 ni
651 2142 94 50 por
773 2128 45 49 el
849 2127 389 64 sorprendente
1266 2127 475 51 encadenamiento
1765 2127 67 51 de
1861 2128 246 50 acordes.
2140 2127 85 51 De
2252 2131 176 48 carác-

573 2215 78 47 ter
680 2212 243 51 modesto
964 2226 169 36 nunca
1162 2210 119 51 hizo
1322 2211 147 50 valer
1508 2226 61 35 su
1609 2212 200 50 talento
1850 2212 234 64 singular
2122 2229 34 48 y
2198 2212 231 65 siempre

573 2297 124 49 tañó
737 2311 64 35 en
848 2296 229 65 guitarra
1125 2311 125 49 para
1291 2310 61 36 su
1401 2296 186 65 propio
1629 2296 167 61 solaz,
1843 2311 30 35 o
1921 2311 96 50 por
2057 2296 302 65 complacer
2398 2312 30 35 a

574 2395 92 36 sus
707 2381 224 64 amigos,
978 2395 102 50 que
1113 2380 221 51 muchos
1376 2380 47 50 le
1463 2381 221 64 granjeó
1714 2395 61 36 su
1817 2381 139 51 buen
1996 2384 236 48 carácter
2260 2398 33 48 y
2320 2380 108 52 fina

573 2465 177 64 gracia
779 2464 278 52 andaluza.
1090 2463 134 51 Pero
1253 2465 41 49 si
1324 2465 46 49 el
1395 2479 68 36 no
1504 2464 228 52 haberse
1773 2465 250 64 sujetado
2064 2481 29 34 a
2122 2465 80 51 los
2243 2466 184 65 princi-

574 2550 116 64 pios
731 2550 67 50 de
826 2549 46 50 la
901 2549 200 51 música
1140 2547 275 53 favoreció
1457 2549 46 50 la
1532 2550 426 64 espontaneidad
1999 2550 67 51 de
2106 2565 63 36 su
2210 2550 217 66 inspira-

574 2633 134 62 ción,
742 2647 102 51 que
872 2633 230 65 ninguna
1131 2633 146 65 regla
1306 2632 309 63 enfrenaba,
1648 2648 65 35 en
1744 2635 206 51 cambio
1980 2649 60 35 es
2079 2635 67 50 de
2174 2634 255 51 lamentar

574 2732 101 50 que
704 2732 60 35 se
792 2717 280 65 perdiesen
1111 2717 240 65 aquellos
1392 2732 211 50 rasgos,
1638 2718 204 65 quizás,
1890 2733 154 36 como
2085 2718 343 66 evaporados

573 2815 63 36 en
666 2801 46 51 el
753 2802 237 64 espacio;
1034 2817 35 50 y
1097 2803 100 49 aún
1231 2801 217 51 muchas
1487 2816 165 37 veces
1699 2802 45 50 al
1794 2803 219 65 pedirle,
2060 2818 95 50 por
2195 2803 233 65 ejemplo

576 2884 194 52 Glinka
799 2900 31 36 o
859 2885 226 65 algunos
1114 2886 208 64 amigos
1351 2886 82 51 del
1475 2886 300 65 guitarrista
1805 2902 103 50 que
1937 2888 46 49 le
2027 2889 140 60 oían,
2201 2888 48 50 la
2276 2902 151 51 repe-

572 2970 155 51 tición
758 2970 66 51 de
860 2984 65 36 un
967 2984 135 51 paso
1132 2984 103 51 que
1274 2971 77 49 les
1397 2970 157 51 había
1594 2972 421 62 entusiasmado,
2061 2972 48 50 ni
2151 2973 45 49 él
2240 2973 216 50 mismo
2411 2966 26 74 .

573 3054 321 51 encontraba
921 3057 224 63 imanera
1174 3054 67 51 de
1268 3055 264 65 repetirlo,
1566 3055 327 62 resultando,
1926 3071 65 35 en
2034 3057 206 51 cambio
2281 3060 147 47 otros

573 3138 221 52 muchos
821 3142 87 47 tan
939 3154 208 36 nuevos
1193 3156 33 48 y
1268 3140 415 64 sorprendentes
1713 3154 155 37 como
1896 3141 46 50 el
1974 3141 244 65 primero.
2252 3141 175 51 Murió

573 3237 65 36 en
671 3222 251 52 Granada
950 3238 64 36 en
1043 3224 140 61 Julio
1212 3224 67 51 de
1311 3222 150 52 1848.
1495 3223 189 52 Añade
1711 3224 46 50 el
1807 3228 232 48 maestro
2086 3225 254 66 Vazquez
2380 3226 46 51 al

574 3308 245 50 terminar
847 3308 46 50 la
921 3307 259 66 biografía
1221 3308 67 51 de
1317 3308 302 65 Rodriguez
1659 3308 277 52 Murciano
1967 3324 103 51 que
2109 3308 90 53 fué
2239 3310 46 51 el
2328 3311 99 65 pri-

576 3406 144 36 mero
743 3407 104 50 que
885 3393 124 64 bajo
1033 3407 61 36 su
1135 3393 260 51 dirección
1438 3407 60 36 se
1526 3392 119 51 hizo
1674 3394 257 50 construir
1960 3409 102 36 una
2101 3396 231 64 guitarra
2361 3395 68 52 de

575 3477 134 50 siete
737 3476 246 63 órdenes,
1016 3477 46 50 la
1091 3477 114 52 cual
1236 3477 280 65 empleaba
1544 3478 419 65 especialmente
1991 3493 128 51 para
2147 3483 148 48 tocar
2324 3494 103 38 una

572 3576 129 50 eran
730 3559 271 53 Rondeña
1030 3576 64 36 en
1125 3562 65 50 mi
1220 3577 199 36 menor.
1454 3559 80 67 (1)

655 3756 64 53 (1)
778 3756 157 43 Véase
959 3756 222 43 APÉNDICE
1204 3770 42 29 Iv
1278 3770 55 29 en
1356 3770 88 41 que
1477 3770 53 29 se
1553 3757 135 43 habla
1722 3758 56 42 de
1802 3771 89 30 una
1927 3758 227 44 Gallarda
2186 3759 73 43 del
2284 3763 142 51 poeta

572 3827 244 52 cordobés,
844 3828 188 52 músico,
1060 3827 239 57 Góngora.
