3158 4654
1224 1195 560 88 PROEMIO

586 1946 92 60 Lo
727 1961 133 61 que
908 1960 159 47 creo
1117 1961 82 45 en
1249 1944 218 62 hecho
1517 1944 85 62 de
1660 1943 422 62 “Folklore“
2129 1941 283 63 musical

679 2311 70 52 Es
779 2327 64 35 un
887 2311 188 62 hecho,
1121 2311 66 51 de
1215 2311 158 51 sobra
1416 2311 324 62 observado,
1787 2326 101 50 que
1923 2310 45 51 al
2011 2309 221 52 hombre
2272 2310 48 50 le
2362 2309 64 51 ha

571 2396 115 52 sido
716 2396 137 52 dada
894 2396 46 50 la
983 2396 242 50 intuición
1270 2396 66 51 de
1363 2396 125 51 toda
1530 2399 130 58 arte,
1705 2412 34 49 y
1768 2395 169 52 desde
1977 2409 61 36 su
2069 2394 170 63 inicio,
2286 2395 46 50 la
2362 2395 67 51 de

571 2495 102 36 una
702 2481 199 50 música
930 2480 245 61 natural,
1221 2495 67 35 no
1317 2480 401 65 reglamentada
1748 2495 95 50 por
1883 2480 49 50 lo
1962 2479 401 52 circunstancial
2394 2495 33 49 y

570 2565 222 61 erudito,
827 2579 95 51 por
940 2564 183 51 medio
1154 2565 67 51 de
1249 2564 46 51 la
1325 2564 114 51 cual
1469 2579 250 50 expresa,
1754 2579 155 36 como
1938 2578 64 36 en
2045 2578 66 36 un
2153 2563 270 66 lenguaje,

571 2649 78 50 los
678 2649 367 50 sentimientos
1075 2663 102 50 que
1207 2649 46 50 le
1282 2647 209 52 afectan
1523 2665 33 48 y
1585 2663 355 46 conmueven,
1975 2648 231 61 dolores,
2235 2662 187 51 penas,

569 2731 374 64 sufrimientos,
977 2733 247 65 alegrías,
1259 2748 98 36 con
1387 2733 242 51 emoción
1660 2736 113 48 más
1804 2748 30 36 o
1864 2747 186 37 menos
2080 2732 342 62 vehemente,

569 2834 34 49 y
631 2818 67 51 de
726 2832 66 36 un
824 2818 158 51 modo
1011 2820 114 48 más
1155 2828 144 54 vago
1330 2832 30 36 o
1390 2817 228 66 preciso,
1664 2820 171 62 según
1867 2832 102 51 que
2002 2817 175 51 utiliza
2205 2817 46 51 el
2287 2818 139 50 soni-

569 2902 68 51 do
666 2916 148 51 puro,
850 2905 157 48 canto
1037 2902 360 60 inarticulado,
1431 2917 31 35 o
1492 2905 156 48 canto
1679 2902 311 61 articulado,
2025 2916 98 37 con
2153 2902 177 65 ayuda
2359 2902 68 51 de

570 2987 45 50 la
644 2986 215 66 palabra
893 2986 267 61 exaltada,
1201 3001 103 51 que
1332 3001 96 51 por
1459 3001 60 36 su
1561 2987 297 51 exaltación
1902 2987 185 50 misma
2116 3000 60 36 es
2217 3002 69 50 ya
2315 3000 112 37 una

567 3072 172 50 cierta
767 3073 233 48 música.

676 3153 180 68 Siglos
896 3172 33 49 y
958 3159 114 48 más
1113 3156 168 65 siglos
1322 3155 66 51 ha
1429 3156 305 51 escuchado
1765 3171 30 35 o
1831 3156 287 59 cultivado,
2153 3155 272 66 personal-

570 3243 175 47 mente
771 3282 9 20 ,
808 3240 46 51 la
884 3255 127 50 pura
1053 3240 309 55 emanación
1405 3241 66 50 de
1512 3254 95 37 esa
1637 3241 200 50 música
1866 3240 244 61 natural,
2148 3240 278 52 buscando

569 3339 63 35 en
674 3324 98 50 ella
814 3325 45 50 el
890 3325 135 50 alma
1067 3325 66 51 de
1174 3325 76 50 las
1283 3339 177 47 cosas,
1506 3342 33 48 y
1569 3326 44 50 el
1658 3326 167 50 deseo
1867 3325 66 51 de
1973 3325 204 51 sacarla
2218 3340 30 35 a
2275 3323 150 53 fuera

569 3423 125 50 para
725 3424 101 50 que
854 3410 158 50 todos
1044 3410 78 50 los
1151 3409 251 51 hombres
1431 3409 47 51 la
1507 3411 265 49 sintiíesen
1800 3424 94 36 esa
1936 3410 200 51 música
2176 3410 247 62 natural,

569 3504 30 34 O
629 3494 45 49 la
703 3508 271 37 evocasen
1005 3511 33 48 y
1068 3494 46 50 la
1146 3508 240 51 gozasen
1419 3509 153 36 como
1601 3495 66 50 él.

676 3576 129 53 Sólo
851 3582 116 47 esta
1010 3579 199 51 música
1256 3578 66 50 ha
1364 3579 376 65 permanecido
1781 3596 33 48 y
1862 3593 320 51 permanece
2228 3594 65 35 en
2341 3580 86 65 pie

570 3663 246 50 mientras
845 3663 352 51 evolucionan
1240 3680 33 48 y
1302 3678 61 35 se
1391 3662 372 63 transtorman,
1810 3664 476 61 incesantemente,
2331 3678 97 51 por

569 3747 326 51 misteriosas
943 3749 339 64 regresiones
1323 3764 33 50 y
1398 3763 255 47 avances,
1701 3749 47 50 la
1788 3749 226 61 técnica,
2059 3748 80 51 los
2186 3750 240 65 procedi-

622 3844 26 41 2
