3158 4654
825 524 53 42 52
1485 529 148 33 FELIPE.
1674 530 197 33 PEDRELL

1337 662 103 52 Que
1465 667 45 38 te
1535 667 108 38 tuve
1669 677 54 28 en
1749 665 80 39 mis
1852 663 167 42 brazos

1333 734 175 41 anoche
1533 737 129 47 soñé;

1335 804 42 40 lo
1402 817 86 38 que
1514 806 65 38 reí
1603 803 220 42 dormido,

1332 873 235 52 despierto
1594 875 115 40 lloré
1735 877 85 37 etc.

861 972 55 50 El
949 974 249 50 estribillo
1236 977 202 55 consta,
1484 988 154 36 como
1680 988 59 34 se
1768 973 62 49 ha
1862 974 156 58 visto,
2065 973 64 50 de
2157 977 105 45 tres
2292 987 206 46 versos,
2544 974 44 48 el

756 1058 242 63 primero,
1043 1073 32 48 y
1122 1057 44 49 el
1208 1061 204 47 tercero
1453 1058 66 50 de
1560 1058 164 59 cinco,
1771 1057 359 50 asonantados
2172 1061 146 45 entre
2359 1059 60 58 sí,
2471 1073 33 48 y
2544 1057 45 49 el

757 1141 241 64 segundo
1028 1141 66 50 de
1122 1141 150 49 siete.

860 1224 41 50 Y
930 1224 159 50 ahora
1119 1239 221 35 veamos
1369 1225 45 49 el
1445 1225 153 64 papel
1630 1239 101 49 que
1761 1225 155 63 juega
1948 1225 44 48 la
2022 1225 151 63 copla
2202 1239 63 34 en
2296 1225 45 49 la
2372 1225 214 50 canción

756 1308 65 50 de
850 1323 149 35 cuna.

858 1461 230 64 Rodrigo
1137 1460 141 52 Caro
1319 1460 170 62 (Días
1526 1462 256 63 geniales
1821 1476 30 35 o
1893 1460 255 62 lúdicros,
2200 1461 227 65 Diálogo
2475 1459 106 65 VI),

754 1546 114 50 dice
897 1546 65 49 de
1003 1545 74 50 las
1106 1560 187 35 nanas
1331 1545 170 62 (Nina
1528 1562 33 47 y
1589 1545 138 49 Lala
1756 1544 164 62 Lala)
1959 1559 29 35 o
2018 1546 280 49 canciones
2340 1545 65 50 de
2434 1560 150 46 cuna,

754 1643 101 50 que
883 1644 95 34 son
1027 1629 104 49 «las
1160 1629 322 51 reverendas
1524 1629 206 50 madres
1760 1629 64 50 de
1864 1629 158 50 todos
2053 1629 76 50 los
2171 1633 240 46 cantares
2449 1645 33 48 y
2511 1629 78 50 los

753 1716 240 46 cantares
1040 1713 65 50 de
1143 1713 154 50 todas
1339 1713 75 49 las
1456 1713 305 50 madres»...
1820 1727 165 55 «cuyo
2026 1727 96 35 uso
2164 1727 58 35 es
2263 1716 85 46 tan
2391 1713 197 49 natural

754 1811 100 50 que
883 1811 66 35 no
978 1796 260 51 habiendo
1280 1811 101 50 que
1410 1800 195 57 cantar,
1640 1811 29 34 o
1699 1812 66 34 no
1795 1797 273 60 sabiendo,
2113 1797 131 49 ellos
2274 1797 214 49 mismos
2530 1811 59 36 se

754 1895 95 35 nos
879 1881 189 49 vienen
1098 1895 28 35 a
1156 1881 45 49 la
1230 1882 151 59 boca,
1409 1897 33 48 y
1471 1895 59 35 se
1559 1895 96 35 nos
1679 1881 145 49 salen
1849 1880 134 50 della
2013 1881 76 48 sin
2114 1881 222 50 cuidado
2365 1881 46 49 ni
2434 1879 153 51 artiti-

753 1964 97 60 cio,
883 1980 32 48 y
945 1979 95 35 son
1069 1968 86 45 tan
1198 1965 116 50 bien
1346 1965 398 50 contentadizas
1786 1979 101 49 que
1914 1978 60 35 se
2003 1967 281 60 contentan
2326 1979 96 35 con
2453 1964 134 51 cual-

752 2048 143 63 quier
934 2051 125 46 tono
1095 2045 328 65 «(tonada)»,
1469 2064 33 48 y
1531 2063 65 34 no
1638 2051 250 47 extrañan
1932 2048 228 63 ninguna
2189 2063 103 34 voz
2333 2062 93 50 por
2455 2048 133 49 mala

751 2145 100 49 que
879 2145 110 48 sea;
1024 2131 271 51 condición
1326 2147 122 48 muy
1479 2132 181 63 propia
1690 2132 65 49 de
1785 2131 74 49 las
1889 2131 258 50 madres.
2103 2127 38 73 »

856 2212 225 53 Cuando
1129 2215 44 49 la
1220 2216 214 49 canción
1484 2231 65 33 no
1598 2216 139 48 tiene
1789 2219 147 45 texto
1990 2216 202 63 propio,
2251 2215 75 50 las
2380 2216 207 50 madres

754 2298 205 50 utilizan
989 2299 215 64 simples
1235 2303 440 60 onomatopeyas,
1715 2299 200 63 coplas,
1961 2313 275 36 romances
2265 2303 212 46 enteros
2519 2300 66 50 de

750 2385 189 47 asunto
969 2382 436 50 ordinariamente
1434 2383 265 63 religioso,
1745 2398 32 48 y
1807 2397 151 35 como
1988 2398 28 33 a
2046 2383 45 49 la
2120 2383 210 50 accción
2374 2383 65 50 de
2467 2386 115 46 este

748 2466 199 63 género
995 2466 65 50 de
1107 2470 183 46 cantos
1332 2466 210 64 preside
1585 2466 45 49 la
1674 2466 113 50 idea
1829 2466 80 50 del
1953 2465 297 62 descanso,
2295 2467 205 50 cuando
2541 2467 44 49 el

748 2550 340 49 movimiento
1129 2550 66 50 de
1224 2550 47 49 lo
1302 2564 103 50 que
1447 2564 60 35 se
1537 2553 151 47 canta
1728 2564 58 35 es
1816 2550 242 50 animado
2100 2550 47 49 lo
2177 2549 241 51 modifica
2460 2551 124 50 dán-

749 2633 120 50 dole
909 2633 233 61 lentitud,
1186 2649 33 48 y
1247 2648 100 35 aun
1378 2647 124 50 para
1543 2633 241 64 producir
1812 2648 67 34 no
1919 2634 117 49 sólo
2065 2634 44 49 el
2152 2631 279 52 descanso
2470 2635 114 49 sino

751 2717 45 49 la
826 2716 357 51 somnolencia
1224 2731 307 50 precursora
1572 2717 81 50 del
1684 2720 186 57 sueño,
1916 2717 284 64 destruyen
2231 2717 45 49 el
2317 2717 149 50 ritmo
2504 2718 80 50 del

749 2803 236 62 compás,
1019 2801 360 50 alternándolo
1409 2815 96 36 con
1536 2801 246 64 espacios
1824 2802 65 49 de
1918 2802 233 60 silencio,
2200 2804 111 47 más
2342 2816 29 34 o
2401 2816 184 35 menos

744 2884 194 65 largos,
971 2885 40 49 si
1041 2885 44 49 el
1117 2890 172 44 sueño
1316 2884 283 64 reparador
1627 2885 79 49 del
1740 2883 195 51 infante
1963 2884 65 50 ha
2058 2885 230 64 llegado.

1429 3034 372 41 ANOTACIONES
1840 3034 56 47 (1)

850 3163 101 51 Las
980 3164 165 50 bellas
1175 3163 254 50 melodias
1459 3164 65 50 de
1566 3164 74 49 las
1670 3164 280 49 canciones
1980 3178 101 50 que
2122 3162 211 52 ofrezco
2362 3178 63 35 en
2468 3167 115 47 esta

743 3248 229 60 sección,
1024 3247 264 65 proceden
1337 3247 65 50 de
1448 3247 239 50 diversas
1728 3247 265 63 regiones.
2040 3247 82 49 De
2168 3246 291 52 Andalucía
2506 3248 76 50 las

743 3332 146 50 cinco
919 3331 270 65 primeras.

854 3412 49 66 1)
981 3414 72 51 La
1082 3416 221 64 primera
1333 3414 65 51 de
1439 3418 145 46 estas
1615 3415 146 50 cinco
1791 3428 82 36 me
1913 3413 88 51 fué
2030 3415 342 50 comunicada
2414 3430 94 50 por
2537 3416 44 50 la

741 3500 229 49 señorita
1011 3499 138 51 doña
1190 3498 61 50 T.
1286 3499 81 61 B.,
1408 3513 101 50 que
1550 3499 45 49 la
1627 3500 103 63 oyó
1770 3502 177 47 cantar
1987 3514 62 34 en
2092 3497 181 52 Alcalá
2321 3499 66 51 de
2435 3498 141 52 Gua-

742 3583 141 51 daira
913 3580 268 66 (Sevilla).

825 3748 63 53 (1)
949 3748 88 42 Las
1067 3747 140 44 cifras
1245 3749 70 41 del
1343 3752 128 39 texto
1496 3749 54 41 de
1582 3751 127 39 estas
1743 3748 310 42 ANOTACIONES
2085 3749 342 52 corresponden
2461 3763 26 28 a
2514 3751 68 40 las

745 3805 55 41 de
825 3806 42 41 la
889 3806 189 41 canción
1104 3819 26 28 o
1154 3806 246 41 canciones
1423 3818 25 28 a
1472 3818 86 39 que
1582 3818 51 28 se
1657 3804 215 49 refieren,
1900 3819 26 39 y
1949 3819 50 28 se
2022 3806 207 50 hallarán
2253 3806 42 40 al
2319 3805 61 41 fin
2405 3805 71 42 del
2503 3820 79 28 vo-

740 3861 150 42 lumen
915 3874 54 29 en
996 3862 42 41 la
1060 3862 181 42 sección
1267 3862 231 41 exclusiva
1522 3861 55 41 de
1609 3863 182 40 música.
