3158 4654
995 502 303 35 CANCIONERO
1340 502 204 35 MUSICAL
1585 502 212 34 POPULAR
1838 491 215 45 ESPAÑOL
2332 497 39 40 11

590 641 159 62 ¿Este
778 642 191 60 medio,
1003 657 180 45 acaso,
1212 656 60 36 se
1301 641 46 50 le
1376 640 191 51 rehusa
1598 640 44 50 al
1674 640 181 50 artista
1887 638 232 52 músico?
2151 638 105 64 ¿La
2303 642 145 47 natu-

590 726 172 50 raleza
803 741 59 35 es
893 726 126 51 libro
1049 726 218 51 cerrado
1297 741 126 50 para
1452 725 45 50 el
1530 723 357 66 compositor?
1925 723 131 51 Para
2086 724 44 50 él
2164 724 46 50 la
2241 727 208 47 natura-

589 812 114 49 leza
744 826 59 35 es
832 811 45 49 el
909 811 229 50 dominio
1169 809 198 51 infinito
1397 811 66 50 de
1492 815 116 44 esta
1639 809 316 64 inspiración
1987 808 244 65 popular,
2263 807 186 52 fuente

589 895 65 50 de
682 896 235 50 bellezas
948 895 407 58 innumerables,
1391 910 89 34 ora
1510 909 64 34 en
1605 894 200 59 ritmos,
1840 908 91 34 ora
1960 907 64 36 en
2057 892 386 62 modalidades,

589 994 89 34 ora
707 994 63 35 en
802 979 44 50 la
888 979 296 51 sinceridad
1226 979 185 49 misma
1441 979 66 50 de
1541 994 65 34 un
1649 981 111 46 arte
1802 978 262 64 primitivo
2104 981 87 45 tan
2234 977 106 50 rico
2381 991 65 36 en

588 1063 362 51 coloraciones
980 1064 66 50 de
1074 1066 239 47 trasunto
1342 1062 334 65 espléndido.

695 1147 73 49 En
811 1151 148 46 estos
1002 1148 216 49 mismos
1261 1162 29 34 o
1335 1147 280 64 parecidos
1656 1146 253 50 términos
1951 1145 281 65 explicaba
2273 1145 175 50 Pierre

588 1230 184 66 Aubry
815 1232 47 49 lo
893 1247 101 49 que
1035 1231 45 50 él
1113 1231 223 51 llamaba
1381 1231 45 49 la
1457 1231 223 50 estética
1722 1230 66 51 de
1829 1229 224 62 Pedrell,
2099 1229 45 50 al
2180 1233 162 47 tratar
2381 1244 64 35 en

587 1330 60 35 su
705 1315 107 50 /ter
861 1315 385 64 Hispanicum,
1305 1313 284 66 parágrato
1637 1314 61 61 V,
1757 1314 81 51 del
1899 1313 259 50 Folklore
2207 1313 243 50 musical

586 1397 345 66 d'Espagne,
978 1397 98 65 (1),
1122 1415 29 34 a
1181 1414 137 50 cuyo
1360 1399 210 50 estudio
1613 1413 82 35 me
1736 1398 66 50 he
1832 1399 65 50 de
1941 1396 180 51 referir
2162 1397 133 52 cada
2342 1412 104 35 vez

586 1498 102 50 que
732 1498 94 50 por
856 1483 352 51 necesidades
1252 1484 63 50 de
1358 1484 364 49 sintetización
1766 1483 169 50 acuda
1974 1482 46 50 al
2062 1482 278 65 expositor
2380 1482 66 51 de

588 1568 97 49 mis
716 1569 213 63 propias
972 1568 166 55 ideas,
1184 1572 85 45 tan
1302 1568 467 64 peregrinamente
1810 1566 377 51 condensadas
2230 1581 103 51 que
2374 1581 71 50 yo

587 1653 186 48 mismo
803 1668 66 33 no
900 1653 216 64 pudiera
1146 1652 213 51 hacerlo
1391 1653 184 62 mejor.

692 1735 316 52 Olvidemos
1058 1752 101 49 que
1199 1753 63 33 en
1295 1737 127 50 todo
1470 1745 137 51 esto,
1659 1753 32 48 y
1733 1751 63 35 en
1841 1741 142 45 otras
2025 1735 219 51 muchas
2286 1749 158 38 cosas

586 1820 104 65 hay
725 1821 266 56 sistemas,
1040 1821 149 65 leyes
1220 1822 66 49 de
1327 1822 47 48 lo
1404 1820 123 51 fatal
1572 1838 32 47 y
1639 1822 65 49 de
1735 1821 48 49 lo
1826 1821 380 60 inconsciente,
2252 1837 34 48 y
2315 1820 126 50 olvi-

585 1905 206 60 demos,
843 1906 241 60 además,
1136 1921 101 49 que
1279 1905 63 50 ha
1391 1906 193 50 habido
1626 1922 32 48 y
1708 1905 103 65 hay
1840 1905 217 50 todavía
2099 1905 340 62 románticos,

585 1990 347 63 positivistas,
982 1994 125 53 etc.;
1156 2005 127 50 pero
1325 1990 349 64 ahinquemos
1711 2006 64 33 en
1818 1990 46 49 la
1895 1993 194 57 mente,
2137 2004 102 50 que
2267 1990 175 50 única-

584 2078 176 45 mente
801 2075 43 48 el
896 2075 285 60 individuo,
1227 2091 34 48 y
1290 2075 116 49 sólo
1448 2074 44 50 el
1540 2075 268 50 individuo
1850 2089 139 36 crea:
2039 2088 102 51 que
2170 2074 45 50 el
2246 2074 196 65 pueblo

584 2159 174 50 recibe
799 2175 33 48 y
872 2157 333 63 transtorma,
1259 2176 32 48 y
1321 2160 65 49 da
1429 2159 47 49 lo
1525 2174 101 50 que
1669 2158 64 50 ha
1774 2157 412 52 transtormado:
2238 2175 34 49 y
2318 2157 122 52 feliz

583 2243 44 49 el
659 2243 179 49 artista
881 2257 119 51 que,
1034 2259 28 34 a
1092 2258 60 35 su
1185 2258 118 45 vez,
1352 2247 210 46 retorna
1604 2258 63 35 en
1712 2244 128 50 obra
1870 2244 66 50 de
1977 2246 113 47 arte
2119 2243 50 50 lo
2211 2258 103 50 que
2355 2243 82 51 del

584 2327 193 64 pueblo
809 2327 63 50 ha
902 2328 249 50 recibido.

689 2411 132 50 Pero
863 2412 359 61 recordemos,
1270 2413 159 50 sobre
1457 2412 147 62 todo,
1651 2428 103 49 que
1801 2413 45 49 el
1896 2415 236 48 carácter
2174 2412 265 51 colectivo

584 2496 65 50 de
698 2496 44 49 la
791 2499 197 48 música
1037 2512 60 34 se
1143 2498 177 61 ejerce
1367 2497 159 51 sobre
1573 2497 44 49 el
1661 2500 237 58 número,
1950 2513 35 49 y
2031 2511 103 51 que
2181 2511 95 50 por
2321 2501 119 46 esto

584 2594 58 35 es
677 2583 111 47 arte
816 2581 417 50 esencialmente
1263 2582 242 64 popular,
1539 2582 45 49 el
1617 2596 100 50 que
1747 2581 45 50 el
1824 2581 197 65 pueblo
2052 2582 327 65 comprende
2407 2598 34 48 y

582 2663 244 66 prefiere,
873 2665 44 49 el
951 2666 153 50 único
1148 2681 101 49 que
1292 2681 94 49 por
1414 2666 44 49 el
1505 2667 212 49 instinto
1760 2681 30 34 o
1820 2666 45 49 el
1905 2666 180 64 genio,
2130 2682 34 49 y
2193 2681 67 35 no
2301 2666 137 50 sola-

581 2752 176 46 mente
787 2764 94 50 por
909 2750 44 49 el
984 2750 224 64 trabajo,
1259 2750 65 50 ha
1354 2750 170 51 hecho
1555 2765 155 50 suyo,
1757 2765 154 36 como
1941 2753 113 47 arte
2095 2750 65 51 de
2189 2766 92 35 sus
2323 2765 114 51 pre-

579 2832 280 52 terencias.
922 2834 87 50 «El
1064 2834 360 64 pueblo-——ha
1478 2836 194 50 escrito
1727 2838 447 62 oportunamente
2228 2833 210 53 Camilo

580 2917 373 65 Bellaigue
867 2913 96 76 —,
988 2934 67 34 no
1085 2933 59 35 es
1174 2920 312 64 arquitecto,
1533 2920 46 49 ni
1611 2920 191 64 pintor,
1843 2920 47 49 ni
1921 2920 251 61 escultor,
2219 2934 128 51 pero
2377 2934 60 36 es

581 3003 219 49 músico.
847 3003 78 50 Un
957 3003 162 50 millar
1160 3004 66 50 de
1255 3004 256 51 albañiles
1554 3019 67 34 no
1651 3004 100 50 han
1783 3004 224 63 logrado
2048 3004 132 51 batir
2221 3020 102 35 una
2353 3020 84 36 ca-

578 3087 183 50 tedral:
808 3102 128 50 pero
967 3088 64 50 ha
1060 3088 227 51 bastado
1330 3104 65 34 un
1427 3089 310 64 campesino
1768 3104 30 35 o
1828 3104 66 35 un
1938 3089 324 64 pastorcillo,
2309 3103 128 51 para

580 3171 238 50 inventar
847 3187 101 35 una
978 3173 273 50 canción.
1211 3167 25 74 »

644 3394 62 52 (1)
768 3396 330 39 Sammelbande
1119 3396 81 39 der
1229 3397 373 40 Internationalen
1626 3397 451 52 Musikgesallschaft,
2098 3397 337 50 Januar-Marz

583 3480 117 40 1908.
731 3479 200 54 Leipzig,
959 3480 248 54 Breitkopf
1231 3483 37 40 €
1296 3482 179 42 Hártel.
