3158 4654
1625 1167 32 50 11

837 1459 212 64 Como
1098 1478 106 45 me
1260 1459 284 62 aficioné
1593 1460 60 60 al
1704 1459 417 75 “Folklore,,
2169 1460 280 62 musical

829 1826 220 52 Gracias
1091 1843 27 33 a
1149 1827 45 50 la
1224 1827 199 50 solidez
1465 1827 79 50 del
1576 1826 209 50 estudio
1828 1826 65 50 de
1922 1825 173 51 solfeo
2137 1841 28 34 a
2195 1840 101 50 que
2326 1840 60 35 se
2424 1818 137 70 suje-

722 1911 156 52 taban
934 1912 75 49 las
1061 1914 335 47 enseñanzas
1450 1926 63 34 en
1563 1911 77 49 los
1695 1910 333 64 magisterios
2083 1910 65 51 de
2200 1909 186 66 capilla
2434 1924 124 50 para

721 1995 254 52 adiestrar
1022 1993 224 52 infantes
1294 1999 265 56 cantores,
1610 2012 32 47 y
1690 1994 220 51 obtener
1957 1995 205 50 buenos
2215 1994 337 65 repentistas,

721 2093 102 51 que
851 2079 232 50 llenasen
1115 2079 78 50 los
1221 2079 306 64 exigencias
1566 2079 262 64 múltiples
1858 2079 80 50 del
1982 2078 289 64 repertorio
2301 2078 258 51 corriente

721 2163 66 50 de
813 2163 134 50 tales
976 2167 229 47 centros.
1234 2162 82 50 He
1344 2163 279 64 explicado
1654 2167 117 46 esto
1800 2177 63 35 en
1894 2157 95 75 mis
2004 2157 282 75 Jornadas
2321 2161 68 51 de
2418 2166 136 46 arte.

722 2246 74 50 Lo
825 2247 223 65 repetiré
1077 2249 138 62 aquí:
1267 2245 349 53 «Alternaban
1648 2247 76 49 las
1766 2247 260 64 prácticas
2068 2247 65 50 de
2161 2245 172 51 solfeo
2375 2260 97 37 con
2516 2246 44 50 la

720 2333 184 59 teoría,
949 2347 33 48 y
1027 2331 44 50 el
1114 2335 354 60 repregunteo
1512 2331 65 50 de
1626 2332 47 48 lo
1721 2331 280 64 explicado
2049 2345 63 35 en
2161 2331 76 49 las
2290 2331 267 50 lecciones

720 2415 307 50 anteriores.
1073 2414 152 51 Daba
1266 2416 64 48 mi
1374 2418 229 47 maestro
1647 2414 185 51 mucha
1881 2415 341 64 importancia
2263 2415 43 49 al
2350 2414 209 51 dictado

720 2499 232 51 musical:
1003 2515 33 48 y
1083 2499 424 64 preguntándole
1553 2514 69 49 yo
1664 2514 65 34 un
1778 2499 83 50 dia
1908 2499 175 50 dónde
2129 2498 213 51 hallaría
2388 2502 171 46 temas

719 2583 254 50 cantados
1003 2599 32 48 y
1064 2584 155 49 vivos
1249 2597 124 50 para
1404 2584 344 63 practicarme
1779 2597 63 35 en
1885 2586 116 47 este
2030 2583 267 62 ejercicio,
2345 2597 101 50 que
2475 2596 83 36 me

719 2667 295 51 interesaba
1043 2667 391 61 sobremanera,
1468 2668 355 49 contestóme:
1863 2665 153 66 «Oye
2040 2667 49 50 lo
2120 2681 120 51 que,
2275 2681 94 51 por
2397 2667 160 63 ejem-

718 2750 104 65 plo,
855 2765 164 36 suena
1049 2765 100 36 una
1183 2751 197 50 música
1410 2751 180 50 militar
1619 2751 205 51 cuando
1871 2765 131 51 pasa
2032 2766 95 50 por
2155 2755 54 46 tu
2239 2751 152 51 calle:
2438 2765 119 51 pro-

718 2849 121 36 cura
879 2835 259 50 retenerlo
1179 2849 64 35 en
1274 2835 45 49 la
1350 2836 273 59 memoria,
1668 2851 52 49 y,
1754 2835 253 64 después,
2040 2835 272 65 apúntalo.
2346 2834 42 51 Y
2418 2835 40 51 si
2490 2850 67 36 no

718 2933 60 35 se
805 2922 53 47 te
887 2917 180 53 ofrece
1105 2923 115 46 esta
1263 2920 235 57 ocasión,
1545 2934 102 49 oye
1689 2919 47 50 lo
1778 2934 102 50 que
1915 2923 53 46 tu
2010 2919 179 51 madre
2229 2919 46 50 le
2316 2919 135 51 debe
2492 2919 66 51 de

717 3007 177 46 cantar
922 3018 28 35 a
979 3007 52 46 tu
1072 3002 290 51 hermanito
1404 3017 126 50 para
1572 3003 381 51 adormecerle.
2001 3003 182 51 Todas
2226 3003 77 50 las
2346 3003 210 51 madres

717 3087 164 51 saben
922 3090 178 47 cantar
1141 3102 157 36 cosas
1328 3102 123 49 muy
1492 3087 237 50 sentidas
1773 3104 33 48 y
1834 3087 567 65 tiernas—añadía—y
2430 3089 125 49 anó-

715 3170 134 51 talas
888 3185 64 35 en
993 3175 52 45 tu
1093 3171 266 50 cuaderno
1401 3171 66 50 de
1513 3171 263 51 dictado.»
1830 3171 61 61 ¡Y
1934 3172 152 64 quien
2129 3172 126 51 diría
2296 3186 103 51 que
2439 3175 116 48 esta

715 3255 245 64 práctica,
996 3269 101 50 que
1126 3255 175 64 llegué
1331 3270 28 34 a
1389 3255 254 60 dominar,
1678 3257 136 48 sería
1844 3255 293 51 recordada
2165 3272 33 48 y
2227 3255 326 65 aprovecha-

716 3338 65 51 da
827 3338 45 50 el
915 3338 82 51 dia
1045 3338 66 51 de
1158 3342 222 46 mañana
1438 3353 95 50 por
1579 3339 44 49 el
1670 3338 347 64 folklorista!
2061 3338 74 51 Mi
2189 3340 180 51 madre
2409 3356 34 49 y
2490 3341 64 49 mi

717 3426 228 47 maestro
991 3421 184 51 fueron
1225 3423 95 49 mis
1374 3423 323 50 institutores
1751 3438 63 35 en
1863 3426 117 47 esta
2035 3424 201 51 ciencia
2285 3440 29 34 a
2362 3425 47 50 la
2453 3440 102 50 que

716 3506 154 51 había
902 3507 65 50 de
996 3507 180 60 deber,
1222 3507 244 50 andando
1497 3507 79 50 los
1606 3508 247 64 tiempos,
1901 3507 47 50 lo
1978 3522 136 50 poco
2144 3523 102 50 que
2273 3508 66 51 ha
2368 3509 186 51 sabido

715 3607 34 48 y
776 3590 66 51 ha
872 3591 195 64 podido
1096 3591 217 50 realizar
1341 3591 44 50 el
1417 3592 345 63 compositor.

820 3674 100 52 Por
948 3679 256 47 entonces
1245 3691 69 49 yo
1343 3691 66 35 no
1439 3676 148 51 sabía
1617 3677 102 64 qué
1760 3690 87 36 era
1878 3691 95 35 eso
2015 3677 65 50 de
2111 3677 44 50 la
2184 3680 237 49 canción
2455 3694 99 48 po-

708 3760 183 64 pular,
923 3760 47 50 ni
999 3760 46 50 el
1075 3758 313 67 significado
1430 3760 66 52 de
1524 3764 180 46 esotro
1735 3774 103 52 que
1873 3775 60 35 se
1975 3761 221 52 llamaba
2238 3762 45 50 el
2317 3761 239 66 folklore
