3158 4654
950 555 303 36 CANCIONERO
1296 554 204 36 MUSICAL
1541 553 213 35 POPULAR
1794 541 211 45 ESPAÑOL
2274 547 54 39 55

546 710 151 46 cuna,
749 709 101 50 que
903 710 63 33 en
1015 694 44 49 la
1108 692 222 51 referida
1378 692 202 65 página
1617 690 291 51 transcribo
1956 687 57 67 (y
2066 687 331 66 reproduzco

546 783 400 47 escuetamente
975 779 75 48 sin
1093 777 377 50 harmonizarla
1502 790 63 35 en
1608 775 44 49 el
1684 777 139 47 núm.
1863 771 105 65 10),
2014 790 32 48 y
2076 787 97 36 con
2205 773 46 49 la
2293 786 103 51 que

546 863 154 51 debió
748 863 65 50 de
860 863 394 49 adormecerme
1301 875 63 34 en
1413 874 91 35 sus
1552 860 191 50 brazos
1791 859 65 48 mi
1906 858 241 51 cariñosa
2195 857 200 60 madre,

547 961 132 50 pues
722 947 47 49 lo
799 947 185 48 mismo
1025 947 115 47 ésta
1183 959 101 50 que
1326 945 75 48 las
1443 944 98 50 dos
1579 943 293 64 siguientes
1913 956 61 35 se
2014 942 77 49 las
2133 943 50 48 oí
2221 943 179 48 cantar

548 1034 111 46 más
687 1030 149 50 tarde
876 1030 246 49 mientras
1154 1028 259 51 invocaba
1454 1027 44 49 al
1531 1030 168 46 sueño
1729 1041 126 50 para
1896 1015 309 61 adormecer
2244 1040 29 34 a
2303 1025 95 49 mis

547 1114 281 49 hermanos
876 1127 262 35 menores.
1191 1112 83 49 De
1314 1112 63 49 mi
1419 1111 285 49 tiernísima
1751 1113 215 48 cantora
2014 1109 266 65 proceden
2322 1109 77 49 las

548 1198 97 51 dos
675 1212 102 50 que
805 1198 206 63 siguen,
1046 1197 45 49 la
1122 1211 102 49 que
1252 1211 60 34 se
1341 1196 47 49 la
1416 1195 155 51 había
1601 1195 123 50 oído
1766 1198 179 47 cantar
1974 1193 219 51 muchas
2234 1207 165 37 veces

548 1282 44 50 el
639 1282 287 49 tiernísimo
972 1282 176 63 amigo
1197 1295 102 50 que
1339 1294 60 35 se
1445 1280 152 49 llama
1646 1278 230 50 Antonio
1924 1277 173 62 Añón,
2142 1278 46 49 el
2231 1278 164 51 varón

547 1366 313 60 nobilísimo,
903 1366 44 49 el
995 1369 186 57 santo,
1228 1379 152 36 como
1428 1364 47 49 le
1513 1364 155 49 llamó
1710 1367 113 46 otro
1870 1364 177 63 amigo
2097 1365 103 47 mío
2242 1360 162 64 (Vide

533 1448 295 66 Jornadas
866 1449 68 50 de
961 1444 138 66 arte,
1144 1447 275 66 Apéndice
1460 1451 139 46 núm.
1639 1445 69 65 1),
1753 1464 33 48 y
1815 1447 47 50 la
1907 1447 61 50 12
1996 1447 67 51 de
2103 1448 46 49 la
2179 1446 113 52 cual
2334 1446 67 50 he

550 1534 219 65 querido
801 1549 151 35 sacar
979 1537 174 46 tantas
1183 1533 415 51 consecuencias
1627 1547 63 34 en
1733 1532 44 49 el
1810 1531 178 50 último
2019 1535 138 57 acto,
2202 1545 197 36 escena

550 1619 81 50 del
662 1618 181 63 jardín,
877 1618 65 50 de
971 1618 64 48 mi
1066 1617 177 50 drama
1273 1617 141 50 lírico
1454 1616 79 50 La
1567 1613 301 64 Celestina,
1913 1616 48 49 lo
1992 1616 186 49 mismo
2209 1629 102 51 que
2352 1615 46 49 la

550 1703 65 50 de
658 1703 46 48 la
733 1702 151 50 aldea
914 1702 66 50 de
1019 1702 253 50 brañeros
1302 1701 284 60 asturiana,
1633 1700 66 51 de
1728 1715 101 50 que
1858 1704 152 46 antes
2042 1699 67 50 he
2148 1699 248 61 hablado,

548 1803 33 47 y
614 1786 46 49 la
690 1786 222 65 primera
941 1785 81 51 del
1054 1788 248 62 presente
1334 1782 342 53 CANCIONERO.

659 1870 60 50 13
746 1886 34 48 y
813 1867 84 66 14)
976 1868 73 50 En
1081 1884 101 35 una
1211 1871 184 47 masía
1426 1869 80 50 del
1538 1883 189 50 campo
1757 1869 66 51 de
1864 1868 311 65 Tarragona
2219 1870 181 62 recogí

551 1955 46 48 la
644 1954 238 50 indicada
926 1968 96 36 con
1065 1954 45 49 el
1151 1956 139 47 núm.
1343 1953 76 60 13,
1466 1969 32 49 y
1527 1953 47 49 la
1620 1953 60 49 14
1721 1967 62 35 en
1827 1951 243 62 Alcanar,
2117 1951 174 52 contín
2335 1953 66 50 de

553 2035 261 53 Cataluña
858 2052 93 50 por
980 2038 45 49 la
1057 2041 146 60 parte
1245 2038 65 49 de
1341 2035 276 52 Castellón
1660 2037 66 50 de
1756 2037 45 49 la
1830 2037 179 50 Plana.
2058 2034 196 53 Cabría
2284 2051 117 50 pre-

550 2125 188 61 eguntar
791 2123 182 60 ¿cómo
1025 2120 89 51 fué
1167 2121 291 64 importada
1506 2135 93 35 esa
1648 2121 226 51 melodía
1927 2125 87 46 tan
2062 2122 338 64 plenamente

552 2205 212 52 influída
793 2221 94 49 por
915 2206 45 49 el
991 2205 563 52 cromático-oriental?

659 2289 336 52 Grandísimo
1030 2293 215 47 número
1275 2291 65 49 de
1381 2291 282 50 canciones
1693 2305 376 36 romancescas
2111 2290 99 50 han
2241 2290 159 50 halla-

552 2375 66 50 do
647 2389 63 35 en
741 2374 44 50 el
819 2374 238 64 folklore
1083 2375 202 50 catalán
1328 2374 205 65 refugio
1562 2374 277 52 adecuado
1881 2389 64 35 en
1976 2375 44 49 el
2050 2379 169 56 texto,
2266 2375 131 50 ordi-

551 2459 321 50 narilamente
924 2459 216 51 sencillo
1192 2476 33 48 y
1280 2460 306 60 monótono,
1640 2460 65 50 de
1758 2459 45 49 la
1851 2460 216 50 canción
2122 2460 67 50 de
2241 2474 151 36 cuna.

554 2541 225 53 Cuando
809 2558 59 35 se
897 2544 65 50 da
990 2547 116 46 este
1135 2558 145 46 caso,
1327 2558 122 50 muy
1477 2542 273 52 frecuente
1784 2558 63 35 en
1878 2544 46 49 la
1954 2559 244 36 comarca
2240 2548 160 46 tarra-

551 2642 251 47 conense,
848 2628 228 64 precede
1104 2628 44 49 al
1190 2631 147 47 texto
1368 2628 81 51 del
1490 2642 248 37 romance
1767 2643 65 35 un
1862 2629 250 50 estribillo
2154 2629 240 64 repetido

552 2727 152 36 como
733 2727 59 35 es
822 2713 65 50 de
917 2726 92 37 ver
1037 2727 63 35 en
1131 2712 45 49 la
1208 2713 216 50 canción
1456 2716 139 46 núm.
1635 2713 82 51 13.

662 2793 84 66 15)
824 2796 226 65 Inzenga
1097 2794 246 64 (Cantos
1375 2813 38 48 y
1453 2796 192 51 Bailes
1682 2798 306 63 populares
2034 2812 68 35 ae
2146 2797 253 64 España,

553 2880 226 62 Madrid,
830 2880 149 61 1888,
1026 2881 264 50 cuaderno
1332 2881 471 65 correspondiente
1833 2897 29 34 a
1891 2882 76 49 las
1997 2882 299 64 provincias
2338 2883 66 50 de

557 2962 239 64 Galicia,
829 2968 123 61 pág.
987 2962 89 65 26)
1107 2965 208 64 publicó
1346 2966 45 49 la
1421 2966 229 50 melodía
1685 2966 65 50 de
1779 2981 94 34 esa
1903 2966 217 51 canción
2151 2967 66 50 de
2246 2981 152 46 cuna,

554 3048 187 50 arrolo
770 3063 30 35 o
829 3049 176 61 berce,
1038 3064 152 36 como
1228 3064 60 35 se
1318 3050 115 50 dice
1461 3064 63 35 en
1555 3050 44 50 el
1632 3052 133 62 país,
1812 3065 102 50 que
1941 3050 305 51 harmonizó
2285 3051 118 51 des-

554 3133 403 50 mañadamente
986 3134 77 49 sin
1094 3133 236 51 adivinar
1360 3134 47 50 lo
1437 3149 103 50 que
1568 3134 155 51 había
1753 3135 186 51 dentro
1969 3136 65 50 de
2063 3139 86 46 tan
2192 3136 210 50 curioso

553 3217 326 64 espécimen.

661 3300 56 51 El
755 3302 208 50 sentido
993 3302 64 50 de
1099 3302 46 49 la
1175 3302 126 50 letra
1342 3302 66 51 de
1436 3306 116 47 esta
1581 3320 33 47 y
1655 3307 141 46 otras
1827 3304 368 51 cancioncillas
2237 3319 165 50 popu-

556 3385 134 50 lares
731 3385 159 51 sobre
926 3386 45 49 el
1014 3386 186 50 mismo
1241 3390 158 57 tema,
1444 3387 175 50 tienen
1663 3388 225 50 relación
1938 3403 97 36 con
2078 3388 45 50 la
2165 3389 241 51 creencia

556 3469 221 65 popular
823 3473 170 60 según
1042 3470 49 50 la
1135 3471 112 50 cual
1295 3471 45 49 el
1385 3469 172 52 Señor
1596 3471 133 51 hace
1777 3473 190 49 dormir
2012 3477 107 46 tres
2167 3473 113 51 dias
2327 3474 78 49 sin

557 3554 347 64 interrupción
950 3570 28 34 a
1027 3553 107 52 San
1181 3555 136 61 Juan
1372 3555 259 62 Bautista,
1689 3557 176 64 amigo
1919 3557 66 50 de
2036 3557 158 62 bulla,
2253 3573 153 35 como

557 3638 179 64 quiere
782 3639 47 49 la
874 3639 271 61 tradición,
1197 3655 96 35 con
1336 3640 45 49 el
1423 3639 69 50 fin
1536 3641 65 51 de
1642 3641 168 51 evitar
1859 3641 76 50 las
1981 3640 365 53 francachelas
2374 3659 33 49 y

557 3722 151 50 hasta
738 3722 78 50 los
857 3724 270 50 alborotos
1169 3739 102 50 que
1311 3725 149 49 suele
1500 3724 162 52 haber
1703 3726 45 49 la
1791 3728 231 62 víspera,
2068 3727 45 49 el
2145 3727 82 50 dia
2267 3727 66 51 de
2361 3727 47 50 la

554 3805 157 52 fiesta
739 3824 33 48 y
801 3808 263 64 siguiente
1093 3809 65 50 de
1187 3808 45 50 la
1261 3807 287 53 festividad
1576 3809 82 51 del
1691 3808 188 53 Santo.
1915 3809 92 52 Sin
2037 3811 277 66 embargo,
2360 3812 45 50 el
