3158 4654
831 561 49 39 56
1487 563 148 33 FELIPE
1675 563 198 32 PEDRELL

761 702 363 63 pensamiento
1162 701 80 50 del
1274 700 187 50 arrolo
1490 700 213 64 gallego
1745 714 190 49 parece
1964 698 239 52 referirse
2244 700 164 62 mejor
2436 714 101 49 que
2566 714 27 33 a

760 785 45 49 la
834 785 237 50 creencia
1100 785 219 64 popular
1348 784 254 60 indicada,
1636 784 43 49 al
1712 784 137 49 culto
1879 784 65 49 de
1973 783 78 49 los
2081 783 164 50 celtas
2275 783 43 49 al
2350 783 97 49 sol.

870 865 82 64 16)
1030 868 82 49 De
1141 868 45 49 la
1215 868 182 49 misma
1439 868 180 63 región
1651 863 308 68 (Santiago)
2001 866 230 64 procede
2259 867 46 48 la
2345 865 158 50 berce
2529 866 64 49 de

759 955 115 46 este
921 955 233 55 número,
1206 951 158 49 berce
1407 966 30 33 o
1485 951 187 48 arrolo
1718 965 95 35 con
1862 950 151 63 dejos
2061 950 64 50 de
2179 949 167 50 Alalá
2392 966 33 48 y
2472 964 121 49 muy

758 1036 247 49 enxebre.
1065 1035 70 49 La
1188 1035 213 64 palabra
1453 1036 205 56 moiño,
1727 1048 100 50 que
1879 1034 369 50 acostumbran
2302 1049 28 34 a
2383 1032 211 51 escribir

758 1119 432 64 impropiamente
1217 1118 242 60 mohiño,
1504 1132 97 35 con
1632 1117 52 60 Ah,
1716 1132 59 35 se
1816 1132 94 34 usa
1939 1132 97 35 con
2067 1121 111 46 más
2209 1117 288 64 propiedad
2526 1130 63 35 en

759 1202 45 49 la
850 1202 259 49 simétrica
1155 1203 202 59 muiño,
1407 1201 65 50 de
1518 1201 84 48 ahí
1647 1202 265 48 muiíñeira
1952 1215 63 35 en
2058 1215 100 36 vez
2199 1201 65 50 de
2303 1201 285 48 molñeira.

762 1284 127 50 Esta
930 1286 215 49 canción
1176 1286 66 49 de
1282 1300 130 34 cuna
1443 1299 82 35 me
1564 1283 86 51 fué
1681 1284 417 65 proporcionada
2139 1298 94 51 por
2262 1285 63 48 mi
2355 1286 236 47 entraña-

759 1368 83 50 ble
870 1369 175 63 amigo
1088 1368 65 50 D.
1187 1368 199 49 Ramón
1429 1369 64 49 de
1523 1366 191 51 Arana.
1763 1367 39 49 Y
1831 1370 121 62 aquí
1986 1382 93 50 por
2119 1383 100 35 vez
2249 1368 219 64 primera
2510 1381 80 35 es-

760 1452 140 50 cribo
930 1452 43 49 el
1006 1452 215 50 nombre
1250 1451 79 51 del
1361 1466 100 50 que
1501 1451 65 49 ha
1607 1452 113 49 sido
1750 1451 63 49 mi
1845 1452 258 49 institutor
2143 1466 63 35 en
2237 1452 44 48 el
2313 1452 277 63 importan-

756 1535 172 50 tísimo
967 1534 237 64 folklore
1243 1535 211 50 musical
1496 1535 231 64 gallego.
1768 1534 176 51 Habré
1986 1536 65 49 de
2091 1535 242 64 repetirlo
2374 1533 216 51 muchas

757 1633 163 36 veces
971 1622 421 60 gustosamente,
1445 1633 200 50 porque
1691 1634 28 33 a
1766 1621 112 46 más
1925 1619 77 49 de'
2036 1619 289 60 autoridad,
2379 1633 100 49 que
2524 1632 69 50 yo

757 1706 151 46 acato
938 1717 96 35 con
1064 1708 214 58 respeto
1308 1718 32 48 y
1369 1702 204 60 estima,
1619 1717 58 34 es
1707 1703 44 48 el
1782 1702 230 50 colector
2041 1716 101 50 que
2171 1705 111 46 más
2312 1702 279 50 documen-

756 1786 169 50 tación
975 1786 319 50 valiosísima
1342 1800 82 35 me
1471 1785 64 49 ha
1582 1784 282 52 facilitado.
1923 1772 56 62 Él
2034 1800 201 36 conoce
2288 1786 116 49 bien
2460 1789 130 46 cuán

759 1870 320 64 agradecido
1121 1870 172 64 quedo
1324 1885 27 33 a
1382 1883 90 36 sus
1513 1870 293 59 bondades,
1840 1886 32 48 y
1901 1885 28 33 a
1959 1884 90 35 sus
2092 1870 304 64 diligencias
2425 1884 29 34 e
2484 1870 106 48 inti-

757 1953 235 51 midades
1022 1953 65 50 de
1115 1954 202 49 sincera
1346 1970 32 47 y
1406 1952 84 51 fiel
1523 1954 240 49 amistad.
2362 1948 4 3 :

864 2035 83 64 17)
1024 2037 82 49 De
1147 2037 202 50 Zarauz
1390 2036 363 65 (Guipúzcoa)
1802 2037 229 64 procede
2078 2037 45 50 la
2151 2038 238 50 melodía
2439 2037 65 51 de
2546 2038 46 49 la

755 2121 215 51 canción
1014 2121 64 50 de
1108 2136 132 35 cuna
1281 2135 101 50 que
1410 2125 250 60 presento
1702 2123 119 62 aquí
1849 2135 125 50 para
2004 2136 169 35 cerrar
2212 2125 114 46 esta
2356 2122 229 49 sección.

755 2202 72 53 Se
855 2204 225 65 publicó,
1114 2219 120 36 creo
1264 2219 101 50 que
1389 2219 93 49 por
1513 2206 220 63 primera
1762 2219 118 46 vez,
1919 2219 63 35 en
2012 2204 283 62 Melusine,
2323 2205 264 50 colección

754 2287 65 51 de
842 2288 291 64 mitología,
1168 2288 258 50 literatura
1457 2288 236 64 popular,
1721 2293 123 56 etc.,
1872 2303 94 50 por
1994 2289 78 49 los
2103 2287 144 52 Sres.
2283 2288 64 50 H.
2384 2287 206 52 Gaidoz

753 2388 33 48 y
816 2371 57 50 E.
908 2371 219 51 Rolland
1169 2369 200 67 (1878).
1422 2370 72 52 Se
1530 2373 280 63 reprodujo
1851 2387 63 35 en
1962 2372 44 50 el
2049 2372 254 50 Folklore
2340 2371 70 51 du
2443 2387 149 49 pays

752 2454 230 64 basque,
1015 2455 65 50 de
1110 2455 101 49 Mr.
1246 2455 239 61 Winson,
1521 2453 186 64 (París,
1746 2454 174 64 1882),
1964 2472 34 48 y
2043 2456 375 64 reprodujeron
2461 2460 127 45 tam-

751 2539 137 60 bién,
938 2539 77 49 los
1046 2537 146 52 Sres.
1227 2538 316 52 Echevarría
1590 2556 32 47 y
1654 2538 226 51 Guimón
1925 2554 63 35 en
2030 2541 44 49 el
2103 2544 145 46 tomo
2278 2540 12 49 l
2321 2540 65 50 de
2414 2554 61 36 su
2504 2555 84 36 co-

751 2622 215 62 lección,
1017 2622 147 50 Ecos
1208 2621 68 51 de
1313 2622 293 62 Vasconía,
1658 2626 138 47 núm.
1847 2623 86 61 21,
1980 2627 125 61 pág.
2139 2623 67 51 44
2235 2639 96 35 con
2362 2624 45 50 el
2437 2624 147 50 título

749 2705 101 50 Lo!
886 2706 102 49 Lo!
1023 2706 118 61 Lo!,
1186 2711 168 45 canto
1395 2705 382 65 vascongado.
1831 2707 71 50 La
1950 2708 124 49 letra
2124 2708 65 50 de
2229 2708 45 49 la
2316 2708 265 51 colección

750 2789 241 63 Winson,
1042 2804 101 51 que
1172 2805 58 35 es
1272 2791 45 49 la
1347 2791 265 64 adoptada
1654 2805 94 50 por
1775 2794 84 58 mí,
1898 2790 180 52 difiere
2107 2792 65 50 de
2201 2792 45 50 la
2290 2806 101 50 que
2419 2807 59 35 se
2507 2792 81 50 lee

749 2888 62 35 en
843 2874 45 49 la
917 2874 265 51 colección
1237 2874 291 50 Vasconia.
1575 2874 82 50 Ha
1686 2875 114 50 sido
1842 2876 343 64 reproducida
2224 2890 63 36 en
2330 2880 140 46 otras
2499 2891 85 36 co-

750 2957 262 51 lecciones
1041 2972 102 50 que
1171 2960 136 48 sería
1336 2959 224 62 enojoso
1589 2959 143 50 citar.

859 3041 60 50 17
946 3039 103 64 bis)
1126 3041 55 50 El
1226 3042 371 64 diligentísimo
1637 3041 163 65 filógo
1838 3059 33 47 y
1899 3043 263 50 eminente
2203 3044 322 64 compositor
2553 3060 33 48 y

741 3124 316 63 folklorista
1088 3140 182 46 vasco,
1305 3126 63 49 mi
1399 3126 174 64 amigo
1604 3126 64 50 D.
1703 3126 375 52 Resurrección
2109 3127 169 51 María
2302 3129 66 50 de
2397 3127 189 51 Azkue

749 3222 82 36 me
871 3209 271 50 comunica
1171 3214 114 45 esta
1327 3210 235 50 variante
1603 3210 65 50 de
1697 3211 45 49 la
1784 3211 225 50 anterior
2055 3215 141 47 «más
2226 3213 254 50 conocida
2521 3226 63 36 en

750 3291 230 66 Vizcaya
1010 3307 100 50 que
1139 3308 63 35 en
1234 3297 140 46 otras
1403 3294 246 65 regiones
1679 3294 79 51 del
1791 3295 171 50 citado
1992 3297 167 63 país.
2119 3287 26 77 »
