3158 4654
984 525 306 39 CANCIONERO
1331 525 206 36 MUSICAL
1578 524 212 35 POPULAR
1830 508 213 51 ESPAÑOL
2318 518 49 42 13

582 668 255 51 musical.
892 666 175 53 Como
1116 666 231 66 práctica
1395 664 67 51 de
1509 663 231 60 dictado,
1795 662 346 65 comprendía
2190 676 104 51 que
2346 675 91 36 era

583 754 191 60 buena,
821 769 32 49 y
896 753 138 50 dime
1074 767 29 34 a
1133 753 223 61 apuntar
1396 752 192 48 cuanta
1629 749 219 50 canción
1881 749 82 48 oía
2008 763 29 34 a
2067 747 64 49 mi
2176 746 198 61 madre,
2408 761 30 34 a

583 838 65 50 mi
677 837 251 50 hermana
972 850 184 51 mayor
1197 833 209 52 cuando
1448 833 209 51 andaba
1700 834 245 63 ocupada
1987 846 63 35 en
2096 846 93 35 sus
2224 831 213 51 labores

580 923 66 50 de
676 926 231 56 costura,
954 920 45 50 al
1031 920 155 64 ciego
1227 918 308 65 postulante
1577 932 103 50 que
1721 916 236 51 recitaba
1987 930 65 35 en
2082 916 45 50 el
2171 915 160 51 dintel
2371 915 67 51 de

578 1007 65 49 mi
690 1020 126 37 casa
864 1006 157 64 algún
1070 988 252 73 remance
1369 1002 368 51 semicantado
1786 1001 66 50 de
1891 999 127 52 Sarí
2056 999 265 63 Antonio,
2371 1000 67 51 de

577 1089 114 51 Las
716 1090 148 64 hijas
890 1087 92 52 del
1005 1103 158 50 rey...
1217 1088 121 64 ¡qué
1367 1101 59 36 se
1456 1085 88 66 yo!
1591 1084 119 51 Allá
1741 1100 95 50 por
1865 1085 45 50 el
1943 1088 102 47 año
2081 1084 152 62 1868,
2280 1099 156 37 cuan-

577 1174 67 51 do
674 1174 249 65 publiqué
964 1187 64 36 en
1058 1187 66 35 un
1169 1170 360 64 A/manaque
1554 1170 254 61 musical,
1855 1184 65 35 un
1951 1169 273 64 articulejo
2266 1169 170 50 intítu-

579 1257 119 52 lado
737 1257 79 51 La
864 1258 214 48 música
1120 1254 91 51 del
1247 1256 261 63 porvenir
1546 1269 126 50 para
1716 1254 352 50 acreditarme
2108 1254 67 51 de
2214 1267 221 51 wagne-

576 1342 143 50 riano
743 1342 145 63 junto
918 1355 98 37 con
1041 1344 181 47 cuatro
1253 1339 210 64 amigos
1488 1353 103 51 que
1620 1353 97 36 nos
1742 1338 77 50 las
1844 1338 329 51 echábamos
2197 1338 131 50 de...
2357 1352 77 36 re-

577 1426 410 60 volucionarios,
1032 1440 67 49 ya
1131 1438 82 35 me
1256 1424 83 50 iba
1377 1422 400 66 preocupando,
1824 1423 169 50 desde
2025 1423 202 64 tiempo
2269 1424 162 59 atrás,

576 1510 46 50 la
650 1510 340 65 exploración
1022 1523 94 51 por
1138 1508 46 50 el
1213 1512 211 46 terreno
1454 1508 187 63 virgen
1694 1506 82 51 del
1808 1510 157 47 canto
1990 1506 242 65 popular,
2266 1506 170 51 desde

575 1594 46 50 el
652 1594 229 50 instante
920 1608 65 35 en
1029 1607 102 51 que
1170 1596 319 61 tropezaron
1533 1592 96 49 mis
1672 1605 187 36 manos
1902 1606 97 35 con
2042 1590 154 66 aquel
2240 1591 194 50 malha-

578 1677 139 52 dado
759 1676 175 51 Robin
975 1674 100 53 des
1114 1676 141 61 bois,
1300 1675 209 65 arreglo
1553 1673 338 66 (desarreglo
1934 1675 67 51 de
2044 1672 389 67 Castil-Blaze)

574 1762 82 51 del
702 1761 358 65 Freyschútz,
1104 1761 66 50 de
1219 1759 217 61 Weber,
1466 1774 103 50 que
1614 1774 65 35 en
1721 1759 46 50 el
1823 1760 333 50 entusiasmo
2205 1774 104 51 que
2350 1774 85 36 me

575 1846 226 65 produjo
832 1846 47 55 la
909 1845 146 62 obra,
1089 1845 246 64 coloqué,
1369 1858 64 35 en
1467 1844 245 63 seguida,
1746 1858 64 35 en
1842 1844 132 50 altar
2014 1842 304 67 preferente
2367 1844 67 51 de

576 1930 94 50 mis
699 1929 349 52 adoraciones
1078 1929 285 50 artísticas.

683 2013 42 51 Y
762 2018 146 46 tomo
949 2016 124 47 nota
1115 2013 66 50 de
1223 2012 46 50 la
1310 2011 226 71 referida
1577 2012 394 65 preocupación
2014 2027 104 51 que
2157 2027 85 36 me
2281 2012 152 52 hacía

576 2098 218 51 escribir
833 2112 64 36 en
928 2097 45 50 el
1015 2095 212 52 famoso
1268 2095 360 64 A/manaque
1665 2096 194 51 citado:
1912 2096 197 52 «Unica
2149 2098 188 50 nación
2366 2112 65 36 en

575 2182 46 51 la
662 2182 156 50 tierra
866 2178 121 69 (por
1032 2185 259 47 entonces
1337 2195 71 51 yo
1456 2195 67 35 no
1572 2183 222 49 conocía
1836 2178 159 66 otra),
2047 2180 278 52 Alemania
2366 2181 67 52 ha

574 2266 116 52 sido
731 2266 46 50 la
808 2280 102 51 que
950 2265 66 50 ha
1058 2265 299 66 impulsado
1404 2268 118 47 este
1563 2266 367 60 movimiento,
1976 2266 271 51 elemento
2289 2266 68 52 de
2385 2267 47 50 la

573 2351 123 51 vida
724 2351 68 50 de
819 2364 62 36 su
910 2349 215 66 pueblo:
1160 2350 298 49 misteriosa
1487 2365 34 49 y
1551 2348 265 66 profunda
1844 2348 203 62 tuerza,
2082 2350 177 51 oculta
2282 2354 150 47 tanto

572 2435 199 65 tiempo
812 2448 64 36 en
920 2434 46 50 el
1009 2434 228 51 corazón
1280 2433 67 51 de
1386 2448 62 36 su
1494 2433 389 62 nacionalidad,
1928 2450 34 49 y
2005 2448 103 52 que
2148 2449 80 47 es,
2273 2450 158 36 acon-

571 2518 176 51 tecido
789 2533 69 51 ya
898 2532 63 37 su
1003 2518 397 51 advenimiento
1442 2518 169 52 desde
1651 2532 103 51 que
1795 2518 247 51 vibraron
2085 2518 79 51 las
2206 2520 226 51 cuerdas

573 2603 66 50 de
677 2603 48 50 la
754 2602 90 51 lira
889 2602 81 51 del
1004 2605 183 48 cantor
1228 2602 67 51 de
1337 2601 360 66 Freyschútz,
1742 2603 46 49 el
1818 2603 302 51 verdadero
2149 2604 157 66 signo
2347 2619 84 37 ca-

571 2687 326 51 racterístico
927 2686 68 52 de
1024 2701 61 35 su
1116 2686 367 52 nacionalidad
1513 2683 135 67 (1)».

679 2769 202 67 Seguía
909 2784 65 37 en
1011 2770 133 51 1874
1171 2771 48 50 la
1248 2771 398 65 preocupación
1676 2771 67 51 de
1773 2772 249 65 explorar
2068 2787 95 36 «en
2193 2773 46 51 el
2268 2777 162 47 terre-

571 2869 67 36 no
668 2855 185 65 virgen
895 2855 67 51 de
998 2855 79 50 los
1119 2858 188 48 cantos
1349 2855 307 65 populares,
1700 2871 34 49 y
1763 2855 67 51 de
1869 2856 216 52 escribir
2124 2872 102 36 una
2267 2858 164 66 ópera

570 2938 138 52 fruto
737 2940 67 50 de
842 2939 69 50 tal
943 2938 410 66 exploración...
1400 2938 100 51 Era
1530 2954 103 36 una
1675 2939 118 51 idea
1834 2939 244 64 confusa,
2123 2942 187 52 nacida
2350 2943 79 50 sin

571 3023 157 62 duda,
774 3022 82 53 del
898 3021 177 53 efecto
1117 3037 103 52 que
1260 3037 85 37 me
1386 3023 226 66 produjo
1654 3024 46 50 la
1742 3024 198 52 lectura
1981 3022 72 67 (la
2082 3026 344 63 asimilación,

571 3107 126 52 diría
726 3104 189 68 mejor)
945 3107 82 52 del
1056 3106 360 67 Freyschiútz,
1448 3108 67 51 de
1542 3107 218 63 Weber,
1794 3126 32 48 y
1856 3110 67 51 de
1951 3110 80 50 los
2072 3111 358 52 comentarios

571 3205 103 52 que
714 3192 159 51 sobre
913 3192 45 50 el
990 3195 237 49 carácter
1266 3193 419 51 esencialmente
1723 3195 272 51 teutónico
2036 3195 68 51 de
2142 3199 119 48 esta
2302 3196 128 52 obra

571 3290 60 37 se
671 3276 186 52 hacían
900 3290 64 37 en
1006 3276 160 66 algún
1207 3277 210 52 estudio
1460 3275 92 66 (no
1592 3279 257 51 recuerdo
1890 3277 161 66 cual),
2086 3295 103 51 que
2216 3295 97 52 por
2340 3296 89 37 en-

569 3350 188 63 tonces
786 3362 135 64 cayó
962 3375 65 37 en
1057 3361 98 51 mis
1185 3376 204 37 manos.
1437 3361 102 52 Era
1568 3378 102 36 una
1713 3364 117 51 idea
1872 3363 226 53 confusa
2139 3365 48 52 la
2215 3381 105 52 que
2358 3382 72 51 yo

568 3447 143 54 tenía
738 3446 160 51 sobre
924 3446 47 50 el
1003 3450 156 47 canto
1188 3446 224 66 popular
1443 3451 247 59 nuestro,
1723 3448 48 51 lo
1802 3449 189 51 mismo
2021 3464 104 52 que
2154 3451 83 51 del
2274 3452 155 51 inter-

572 3530 258 52 nacional.
869 3528 47 52 A
942 3528 185 53 fuerza
1156 3531 67 51 de
1250 3534 227 48 torturar
1516 3532 66 50 mi
1614 3533 271 62 memoria,
1919 3535 238 52 reanudé
2188 3536 242 66 aquellas

569 3614 262 65 prácticas
878 3614 66 52 de
984 3613 326 66 folklorista
1359 3616 362 52 inconsciente
1767 3633 29 35 a
1851 3633 103 51 que
2006 3634 85 36 me
2143 3622 282 66 entregué,
2418 3609 43 83 .

651 3794 65 53 (1)
775 3795 229 41 Jornadas
1026 3795 54 40 de
1103 3799 116 47 arte,
1243 3796 147 43 París,
1420 3797 206 43 Librería
1651 3798 50 42 P.
1729 3797 286 54 Ollendorff,
2044 3803 105 52 pág.
2175 3804 68 40 39.
